% vim: set foldmethod=marker foldlevel=1:

%@string { qmo = "Quentin Monnet" }
@string { qmo = "{\bf\color{blueLACL}Quentin \textsc{Monnet}}" }

article {{{1

article Sha79 {{{2
@article{Sha79,
author  = {Adi Shamir},
title   = {How to Share a Secret},
journal = {Communications of the ACM},
year    = 1979,
month   = nov,
volume  = 22,
number  = 11,
pages   = {612--613},
note    = {}
}

article ZH99 {{{2
@article{ZH99,
author  = {Lidong Zhou and Zygmunt J. Haas},
title   = {Securing Ad Hoc Networks},
journal = {IEEE Network Magazine},
year    = 1999,
month   = dec,
volume  = 13,
number  = 6,
pages   = {24--38},
note    = {}
}

article ASSC02 {{{2
@article{ASSC02,
author  = {I.F. Akyildiz and W. Su and Y. Sankarasubramaniam and E. Cayirci},
title   = {Wireless Sensor Networks: A Survey},
journal = {Computer Networks},
year    = 2002,
month   = mar,
volume  = 38,
number  = 4,
pages   = {393--422},
note    = {}
}

article DLA02 {{{2
@article{DLA02,
author  = {Hongmei Deng and Wei Li and Dharma P. Agrawal},
title   = {Routing Security in Wireless Ad Hoc Networks},
journal = {IEEE Communications Magazine},
year    = 2002,
month   = oct,
volume  = 40,
number  = 10,
pages   = {70--75},
note    = {}
}

article NJW02 {{{2
@article{NJW02,
author  = {Peng Ning and Sushil Jajodia and Xiaoyang Sean Wang},
title   = {Design and Implementation of a Decentralized Prototype System for Detecting Distributed Attacks},
journal = {Computer Communications},
year    = {2002},
month   = jun,
volume  = 25,
number  = {},
pages   = {1374--1391},
note    = {}
}

article PSWCT02 {{{2
@article{PSWCT02,
author  = {Adrian Perrig and Robert Szewczyk and Victor Wen and David Culler and J. D. Tygar},
title   = {{SPINS}: {S}ecurity {P}rotocols for {S}ensor {N}etworks},
journal = {Wireless Networks},
year    = 2002,
month   = sep,
volume  = 8,
number  = 5,
pages   = {521--534},
note    = {}
}

article YF04 {{{2
@article{YF04,
author  = {Ossama Younis and Sonia Fahmy},
title   = {{HEED}: A {H}ybrid, {E}nergy-{E}fficient {D}istributed Clustering Approach for Ad-Hoc Sensor Networks},
journal = {{IEEE} Transactions on Mobile Computing},
year    = 2004,
month   = oct,
volume  = 3,
number  = 4,
pages   = {366--379},
note    = {}
}

article AKJ05 {{{2
@article{AKJ05,
author  = {Nadeem Ahmed and Salil S. Kanhere and Sanjay Jha},
title   = {The Holes Problem in Wireless Sensor Networks: A Survey},
journal = {ACM SIGMOBILE Mobile Computing and Communications Review},
year    = 2005,
month   = apr,
volume  = 9,
number  = 2,
pages   = {4--18},
note    = {}
}

article CSSAFW05 {{{2
@article{CSSAFW05,
author  = {Tianwei Chen and Michel Sortais and G{\"u}nter Sch{\"a}fer and Stefan Adams and Changpeng Fan and Adam Wolisz},
title   = {Performance Analysis of a Denial of Service Protection Scheme for Optimized and {Q}o{S}-Aware Handover},
journal = {Computer Networks},
year    = 2005,
month   = oct,
volume  = 49,
number  = 3,
pages   = {449--464},
note    = {}
}

article HS05 {{{2
@article{HS05,
author  = {Fei Hu and Neeraj K. Sharma},
title   = {Security Considerations in Ad Hoc Sensor Networks},
journal = {Ad Hoc Networks},
year    = 2005,
month   = jan,
volume  = 3,
number  = 1,
pages   = {69--89},
note    = {}
}

article HSM05 {{{2
@article{HSM05,
author  = {John Haggerty and Qi Shi and Madjid Merabti},
title   = {Early Detection and Prevention of Denial-of-Service Attacks: A Novel Mechanism with Propagated Traced-Back Attack Blocking},
journal = {{IEEE} Journal on Selected Areas in Communications},
year    = 2005,
month   = oct,
volume  = 23,
number  = 10,
pages   = {1994--2002},
note    = {}
}

article MVLN05 {{{2
@article{MVLN05,
author  = {Raquel A. F. Mini and Max do Val Machado and Antonio A. F. Loureiro and Badri Nath},
title   = {Prediction-Based Energy Map for Wireless Sensor Networks},
journal = {Ad Hoc Networks},
year    = 2005,
month   = mar,
volume  = 3,
number  = 2,
pages   = {235--253},
note    = {}
}

article ABD06 {{{2
@article{ABD06,
author  = {Afrand Agah and Kalyan Basu and Sajal K. Das},
title   = {Security Enforcement in Wireless Sensor Networks: A Framework Based on Non-Cooperative Games},
journal = {Pervasive and Mobile Computing},
year    = 2006,
month   = apr,
volume  = 2,
number  = 2,
pages   = {137--158},
note    = {}
}

article HWMRKP06 {{{2
@article{HWMRKP06,
author  = {Anne-Marie Hegland and Eli Winjum and Stig F. Mj{\o}lsnes and Chunming Rong and {\O}ivind Kure and P{\aa}l Spilling},
title   = {A Survey of Key Management in Ad Hoc Networks},
journal = {{IEEE} Communications Surveys},
year    = 2006,
month   = {3rd quarter},
volume  = 8,
number  = 3,
pages   = {48--66},
note    = {}
}

article JPD06 {{{2
@article{JPD06,
author  = {D. C. Jinwala and Dhiren R. Patel and K. S. Das Gupta},
title   = {A Survey of the Security Issues in Wireless Sensor Networks},
journal = {{A}. {D}. {P}atel {I}nstitute of {T}echnology Journal of Engineering},
year    = 2006,
month   = {},
volume  = {},
number  = {},
pages   = {},
note    = {}
}

article LDH06 {{{2
@article{LDH06,
author  = {Yee Wei Law and Jeroen Doumen and Pieter Hartel},
title   = {Survey and Benchmark of Block Ciphers for Wireless Sensor Networks},
journal = {{ACM} Transactions on Sensor Networks},
year    = 2006,
month   = feb,
volume  = 2,
number  = 1,
pages   = {65--93},
note    = {}
}

article ZSJ06 {{{2
@article{ZSJ06,
author  = {Sencun Zhu and Sanjeev Setia and Sushil Jajodia},
title   = {{LEAP+}: Efficient Security Mechanisms for Large-Scale Distributed Sensor Networks},
journal = {{ACM} Transactions on Sensor Networks},
year    = 2006,
month   = nov,
volume  = 2,
number  = 4,
pages   = {500--528},
note    = {}
}

article AD07 {{{2
@article{AD07,
author  = {Afrand Agah and Sajal K. Das},
title   = {Preventing {D}o{S} Attacks in Wireless Sensor Networks. {A} Repeated Game Theory Approach},
journal = {International Journal of Network Security},
year    = 2007,
month   = sep,
volume  = 5,
number  = 2,
pages   = {145--153},
note    = {}
}

article AY07 {{{2
@article{AY07,
author  = {Ameer Ahmed Abbasi and Mohamed Younis},
title   = {A Survey on Clustering Algorithms for Wireless Sensor Networks},
journal = {Computer Communications},
year    = 2007,
month   = oct,
volume  = 30,
number  = {14--15},
pages   = {2826--2841},
note    = {}
}

article BPCCGF07 {{{2
@article{BPCCGF07,
author  = {Paolo Baronti and Prashant Pillai and Vince W.C. Chook and Stefano Chessa and Alberto Gotta and Y. Fun Hu},
title   = {Wireless Sensor Networks: A Survey on the State of the Art and the 802.15.4 and {ZigBee} Standards},
journal = {Computer Communications},
year    = 2007,
month   = may,
volume  = 30,
number  = 7,
pages   = {1655--1695},
note    = {}
}

article BXE-K07 {{{2
@article{BXE-K07,
author  = {Azzedine Boukerche and Li Xu and Khalil El-Khatib},
title   = {Trust-Based Security for Wireless Ad-Hoc and Sensor Networks},
journal = {Computer Communications},
year    = 2007,
month   = sep,
volume  = 30,
number  = {11--12},
pages   = {2413--2427},
note    = {}
}

article CCH07 {{{2
@article{CCH07,
author  = {Mario {\v C}agalj and Srdjan {\v C}apkun and Jean-Pierre Hubaux},
title   = {Wormhole-Based Anti-Jamming Techniques in Sensor Networks},
journal = {{IEEE} Transactions on Mobils Computing},
year    = 2007,
month   = jan,
volume  = 6,
number  = 1,
pages   = {100--114},
note    = {}
}

article HHC07 {{{2
@article{HHC07,
author    = {Meng-Yen Hsieh and Yueh-Min Huang and Han-Chieh Chao},
title     = {Adaptive Security Design with Malicious Node Detection in Cluster-Based Sensor Networks},
journal   = {Computer Communications},
publisher = {Elsevier Science Publisher B. V.},
address   = {Amsterdam, Pays-Bas},
year      = 2007,
month     = sep,
volume    = 30,
number    = {},
pages     = {2385--2400},
note      = {}
}

article HZMZR07 {{{2
@article{HZMZR07,
author  = {Chen Hongsong and Ji Zhenzhou and Hu Mingzeng and Fu Zhongchuan and Jiang Ruixiang},
title   = {Design and Performance Evaluation of a Multi-Agent-Based Dynamic Lifetime Security Scheme for AODV Routing Protocol},
journal = {Journal of Network and Computer Applications},
year    = 2007,
month   = {},
volume  = 30,
number  = {},
pages   = {145--166},
note    = {}
}

article Kat07 {{{2
@article{Kat07,
author  = {Vasilios Katos},
title   = {Network Intrusion Detection: Evaluating Cluster, Discriminant and Logit Analysis},
journal = {Information Sciences: An International Journal},
year    = 2007,
month   = aug,
volume  = 177,
number  = 15,
pages   = {3060--3073},
note    = {}
}

article OFVWBDL07 {{{2
@article{OFVWBDL07,
author  = {Leonardo B. Oliveira and Adrian Ferreira and Marco A. Vila√ßa and Hao Chi Wong and Marshall Bern and Ricardo Dahab and Antonio A. F. Loureiro},
title   = {Sec{LEACH} --- On the Security of Clustered Sensor Networks},
journal = {Signal Processing},
year    = 2007,
month   = dec,
volume  = 87,
number  = 12,
pages   = {2882--2895},
note    = {}
}

article SCK07 {{{2
@article{SCK07,
author  = {Wei-Tsung Su and Ko-Ming Chang and Yau-Hwang Kuo},
title   = {{eHIP}: An Energy-Efficient Hybrid Intrusion Prohibition System for Cluster-Based Wireless Sensor Networks},
journal = {Computer Networks},
year    = 2007,
month   = mar,
volume  = 51,
number  = 4,
pages   = {1151--1168},
note    = {}
}

article WLLF07 {{{2
@article{WLLF07,
author  = {Yang Wang and Chuang Lin and Quan-Lin Li and Yuguang Fang},
title   = {A Queueing Analysis for the Denial of Service ({D}o{S}) Attacks in Computer Networks},
journal = {Computer Networks},
year    = 2007,
month   = aug,
volume  = 51,
number  = 12,
pages   = {3564--3573},
note    = {}
}

article WDSX07 {{{2
@article{WDSX07,
author  = {Kui Wu and Dennis Dreef and Bo Sun and Yang Xiao},
title   = {Secure Data Aggregation without Persistent Cryptographic Operations in Wireless Sensor Networks},
journal = {Ad Hoc Networks},
year    = 2007,
month   = jan,
volume  = 5,
number  = 1,
pages   = {100--111},
note    = {}
}

article XCFM07 {{{2
@article{XCFM07,
author  = {Yurong Xu and Guanling Chen and James Ford and Fillia Makedon},
title   = {Detecting Wormhole Attacks in Wireless Sensor Networks},
journal = {International Federation for Information Processing},
year    = 2007,
month   = {},
volume  = 253,
number  = {},
pages   = {267--279},
note    = {}
}

article XRSDHG07 {{{2
@article{XRSDHG07,
author  = {Yang Xiao and Venkata Krishna Rayi and Bo Sun and Xiaojiang Du and Fei Hu and Michael Galloway},
title   = {A Survey of Key Management Schemes in Wireless Sensor Networks},
journal = {Computer Communications},
year    = 2007,
month   = sep,
volume  = 30,
number  = {11--12},
pages   = {2314--2341},
note    = {}
}

article CMYP08 {{{2
@article{CMYP08,
author  = {Xiangqian Chen and Kia Makki and Kang Yen and Niki Pissinou},
title   = {Attack Distribution Modeling and its Applications in Sensor Network Security},
journal = {{EURASIP} Journal on Wireless Communications and Networking},
year    = 2008,
month   = jan,
volume  = 2008,
number  = 32,
pages   = {},
note    = {}
}

article LC08 {{{2
@article{LC08,
author  = {Gu Hsin Lai and Chia-Mei Chen},
title   = {Detecting Denial of Service Attacks in Sensor Networks},
journal = {Journal of Computers},
year    = 2008,
month   = jan,
volume  = 4,
number  = 18,
pages   = {},
note    = {}
}

article LG08 {{{2
@article{LG08,
author  = {Zhijun Li and Guang Gong},
title   = {A Survey on Security in Wireless Sensor Networks},
journal = {Special {E}nglish Edition of Journal of {K}orean Institute of Information Security},
year    = 2008,
month   = dec,
volume  = 18,
number  = 6,
pages   = {233--248},
note    = {}
}

article LHF08 {{{2
@article{LHF08,
author  = {Guorui Li and Jingsha He and Yingfang Shu},
title   = {Group-Based Intrusion Detection System in Wireless Sensor Networks},
journal = {Computer Communications},
year    = 2008,
month   = dec,
volume  = 31,
number  = 18,
pages   = {4324--4332},
note    = {}
}

article MP08 {{{2
@article{MP08,
author  = {Wes Masri and Andy Podgurski},
title   = {Application-Based Anomaly Intrusion Detection with Dynamic Information Flow Analysis},
journal = {Computer and Security},
year    = 2008,
month   = {},
volume  = 27,
number  = {},
pages   = {176--187},
note    = {}
}

article MT08 {{{2
@article{MT08,
author  = {Renita Machado and Sirin Tekinay},
title   = {A Survey of Game-Theoric Approaches in Wireless Sensor Networks},
journal = {Computer Networks},
year    = 2008,
month   = nov,
volume  = 52,
number  = 16,
pages   = {3047--3061},
note    = {}
}

article RWAMS08 {{{2
@article{RWAMS08,
author  = {Injong Rhee and Ajit Warrier and Mahesh Aia and Jeongki Min and Mihail L. Sichitiu},
title   = {{Z-MAC}: A Hybrid {MAC} for Wireless Sensor Networks},
journal = {{IEEE}/{ACM} Transactions on Networking ({TON})},
year    = 2008,
month   = jun,
volume  = 16,
number  = 3,
pages   = {511--524},
note    = {}
}

article TV08 {{{2
@article{TV08,
author  = {Fabrice Theoleyre and Fabrice Valois},
title   = {{VSR}: A Routing Protocol Based on a Structure of Self-Organization},
journal = {Studia Informatica Universalis},
year    = 2008,
month   = {},
volume  = 6,
number  = 1,
pages   = {40--69},
note    = {}
}

article ZFZ08 {{{2
@article{ZFZ08,
author  = {Yun Zhou and Yuguang Fang and Yanchao Zhang},
title   = {Securing Wireless Sensor Networks: A Survey},
journal = {{IEEE} Communications Surveys \& Tutorials},
year    = 2008,
month   = {3rd quarter},
volume  = 10,
number  = 3,
pages   = {6--28},
note    = {}
}

article AAE09 {{{2
@article{AAE09,
author  = {Sahel Alouneh and Anjali Agarwal and Abdeslam En-Nouaary},
title   = {A Novel Path Protection Scheme for {MPLS} Networks using Multi-Path Routing},
journal = {Computer Networks},
year    = 2009,
month   = jun,
volume  = 53,
number  = 9,
pages   = {1530--1545},
note    = {}
}

article ACFP09 {{{2
@article{ACFP09,
author  = {Giuseppe Anastasi and Marco Conti and Mario di Francesco and Andrea Passarella},
title   = {Energy Conservation in Wireless Sensor Networks: A Survey},
journal = {Ad Hoc Networks},
year    = 2009,
month   = may,
volume  = 7,
number  = 3,
pages   = {537--568},
note    = {}
}

article BKPA09 {{{2
@article{BKPA09,
author  = {Stylianos Basagiannis and Panagiotis Katsaros and Andrew Pombortsis and Nikolaos Alexiou},
title   = {Probabilistic Model Checking for the Quantification of {D}o{S} Security Threats},
journal = {Computer and Security},
year    = 2009,
month   = sep,
volume  = 28,
number  = 6,
pages   = {450--465},
note    = {}
}

article LB09 {{{2
@article{LB09,
author  = {Bai Li and Lynn Batten},
title   = {Using Mobile Agents to Recover from Node and Database Compromise in Path-Based DoS Attacks in Wireless Sensor Networks},
journal = {Journal of Network and Computer Applications},
year    = 2009,
month   = mar,
volume  = 32,
number  = 2,
pages   = {337--387},
note    = {}
}

article OX09 {{{2
@article{OX09,
author  = {Suat Ozdemir and Yang Xiao},
title   = {Secure Data Aggregation in Wireless Sensor Networks: A Comprehensive Overview},
journal = {Computer Networks},
year    = 2009,
month   = aug,
volume  = 53,
number  = 12,
pages   = {2022--2037},
note    = {}
}

article PVVD09 {{{2
@article{PVVD09,
author  = {Nikolaos A. Pantazis and Dimitrios J. Vergados and Dimitrios D. Vergados and Christos Douligeris},
title   = {Energy Conservation in Wireless Sensor Networks using Sleep Mode {TDMA} Scheduling},
journal = {Ad Hoc Networks},
year    = 2009,
month   = mar,
volume  = 7,
number  = 2,
pages   = {322--343},
note    = {}
}

article Sen09 {{{2
@article{Sen09,
author  = {Jaydip Sen},
title   = {A Survey on Wireless Sensor Network Security},
journal = {International Journal of Communication Networks and Information Security},
year    = 2009,
month   = aug,
volume  = 1,
number  = 2,
pages   = {55--78},
note    = {}
}

article SZZCY09 {{{2
@article{SZZCY09,
author  = {Min Shao and Sencun Zhu and Wensheng Zhang and Guohong Cao and Yi Yang},
title   = {{pDCS}: Security and Privacy Support for Data-Centric Sensor Networks},
journal = {{IEEE} Transactions on Mobile Computing},
year    = 2009,
month   = aug,
volume  = 8,
number  = 8,
pages   = {1023--1038},
note    = {}
}

article TCCDC09 {{{2
@article{TCCDC09,
author  = {Llanos Tobarra and Diego Cazorla and Fernando Cuartero and Gregorio D{\'i}az and Emilia Cambronero},
title   = {Model Checking Wireless Sensor Network Security Protocols: {T}iny{S}ec + {LEAP} + {T}iny{PK}},
journal = {Telecommunication Systems},
year    = 2009,
month   = apr,
volume  = 40,
number  = {3--4},
pages   = {91-99},
note    = {}
}

article YAKM09 {{{2
@article{YAKM09,
author  = {M. Bani Yassein and A. Al-zou'bi and Y. Khamayseh and W. Mardini},
title   = {Improvement on {LEACH} Protocol of Wireless Sensor Network ({VLEACH})},
journal = {Journal of Digital Content Technology and its Applications},
year    = 2009,
month   = jun,
volume  = 3,
number  = 2,
pages   = {132--136},
note    = {}
}

article YB09 {{{2
@article{YB09,
author  = {Bashir Yahya and Jalel Ben-Othman},
title   = {Towards a Classification of Energy Aware {MAC} Protocols for Wireless Sensor Networks},
journal = {Wireless Communications and Mobile Computing},
year    = 2009,
month   = dec,
volume  = 9,
number  = 12,
pages   = {1572--1607},
note    = {}
}

article BM10 {{{2
@article{BM10,
author  = {Jalel Ben-Othman and Lynda Mokdad},
title   = {Enhancing Data Security in Ad Hoc Networks Based on Multipath Routing},
journal = {Journal of Parallel and Distributed Computing},
year    = 2010,
month   = mar,
volume  = 70,
number  = 3,
pages   = {309--316},
note    = {}
}

article BY10 {{{2
@article{BY10,
author  = {Jalel Ben-Othman and Bashir Yahya},
title   = {Energy Efficient and QoS Based Routing Protocol for Wireless Sensor Networks},
journal = {Journal of Parallel and Distributed Computing},
year    = 2010,
month   = aug,
volume  = 70,
number  = 8,
pages   = {849--857},
note    = {}
}

article CP10 {{{2
@article{CP10,
author  = {Ali Chamam and Samuel Pierre},
title   = {A Distributed Energy-Efficient Clustering Protocol for Wireless Sensor Networks},
journal = {Computers and Electrical Engineering},
year    = 2010,
month   = mar,
volume  = 36,
number  = 2,
pages   = {303--312},
note    = {}
}

article DSK10 {{{2
@article{DSK10,
author  = {K. Drira and H. Seba and H. Kheddouci},
title   = {{ECGK}: An Efficient Clustering Scheme for Group Key Management in {MANET}s},
journal = {Computer Communications},
year    = 2010,
month   = jun,
volume  = 33,
number  = 9,
pages   = {1094--1107},
note    = {}
}

article JS10 {{{2
@article{JS10,
author  = {N. Jaisankar and R. Saravanan},
title   = {A Mechanism for Detection of Denial of Service Attacks in Mobile Adhoc Networks},
journal = {International Journal of Research and Reviews in Computer Science ({IJRRCS})},
year    = 2010,
month   = sep,
volume  = 1,
number  = 3,
pages   = {14--19},
note    = {}
}

article GQP10 {{{2
@article{GQP10,
author  = {OscarGarcia and Alejandro Quintero and Samuel Pierre},
title   = {A Global Profile-Based Algorithm for Energy Minimization in Object Tracking Sensor Networks},
journal = {Computer Communications},
year    = 2010,
month   = apr,
volume  = 33,
number  = 6,
pages   = {736--744},
note    = {}
}

article Mao10 {{{2
@article{Mao10,
author  = {Yuxin Mao},
title   = {A Feedback-Based Multipath Approach for Secure Data Collection in Wireless Sensor Networks},
journal = {Ubiquitous Computing and Communication Journal},
year    = 2010,
month   = jun,
volume  = 5,
number  = 2,
pages   = {27--32},
note    = {}
}

article MC10 {{{2
@article{MC10,
author  = {Mohammad Momani and Subhash Challa},
title   = {Survey of Trust Models in Different Network Domains},
journal = {International Journal of Ad Hoc, Sensor and Ubiquitous Computing},
year    = 2010,
month   = sep,
volume  = 1,
number  = 3,
pages   = {1--19},
note    = {}
}

article MKASF10 {{{2
@article{MKASF10,
author  = {Sudip Misra and P. Venkata Krishna and Kiran Isaac Abraham and Navin Sasikumar and S. Fredun},
title   = {An Adaptive Learning Routing Protocol for the Prevention of Distributed Denial of Service Attacks in Wireless Mesh Networks},
journal = {Computer and Mathematics with Applications},
year    = 2010,
month   = {},
volume  = 60,
number  = 2,
pages   = {294--306},
note    = {}
}

article MPSS10 {{{2
@article{MPSS10,
author  = {Prabhudutta Mohanty and Sangram Panigrahi and Nityananda Sarma and Siddhartha Sankar Satapathy},
title   = {Security Issues in Wireless Sensor Network Data Gathering Protocols: A Survey},
journal = {Journal of Theorical and Applied Information Technology},
year    = 2010,
month   = mar,
volume  = 13,
number  = 1,
pages   = {14--27},
note    = {}
}

article PT10 {{{2
@article{PT10,
author  = {Abhishek Pandey and R. C. Tripathi},
title   = {A Survey on Wireless Sensor Networks Security},
journal = {International Journal of Computer Applications},
year    = 2010,
month   = jun,
volume  = 3,
number  = 2,
pages   = {43--49},
note    = {}
}

article RRSPK10 {{{2
@article{RRSPK10,
author  = {P. Sankara Rao and R. Usha Rani and S. Vijay Sankar and K. Pradeep and N. Sarat Kumar and V. Vijay Kumar},
title   = {Secure {MAC} for Wireless Sensor Networks Through {RBFNN}},
journal = {International Journal of Engineering Science and Technology},
year    = 2010,
month   = {},
volume  = 2,
number  = 8,
pages   = {3510--3514},
note    = {}
}

article SJKSK10 {{{2
@article{SJKSK10,
author  = {Jae-Gu Song and Sungumo Jung and Jong Hyun Kim and Dong Il Seo and Seoksoo Kim},
title   = {Research on a Denial of Service ({D}o{S}) Detection System Based on Global Interdependent Behaviors in a Sensor Network Environment},
journal = {Sensors},
year    = 2010,
month   = nov,
volume  = 10,
number  = 11,
pages   = {10376--10386},
note    = {}
}

article SLS10 {{{2
@article{SLS10,
author  = {Ju-Hyung Son and Haiyun Luo and Seung-Woo Seo},
title   = {Denial of Service Attack-Resistant Flooding Authentication in Wireless Sensor Networks},
journal = {Computer Communications},
year    = 2010,
month   = aug,
volume  = 33,
number  = 13,
pages   = {1531--1542},
note    = {}
}

article SP10 {{{2
@article{SP10,
author  = {Eliana Stavrou and Andreas Pitsillides},
title   = {A Survey on Secure Multipath Routing Protocols in {WSN}s},
journal = {Computer Networks},
year    = 2010,
month   = sep,
volume  = 54,
number  = 13,
pages   = {2215--2238},
note    = {}
}

article VS10 {{{2
@article{VS10,
author  = {A. Varshovi and B. Sadeghiyan},
title   = {Ontological Classification of Network Denial of Service Attacks: Basis for a Unified Detection Framework},
journal = {Scientia Iranica},
year    = 2010,
month   = dec,
volume  = 17,
number  = 2,
pages   = {133--148},
note    = {}
}

article ZLK10 {{{2
@article{ZLK10,
author  = {Chenfeng Vincent Zhou and {\relax Ch}ristopher Leckie and Shanika Karunasekera},
title   = {A Survey of Coordinated Attacks and Collaborative Intrusion Detection},
journal = {Computer and Security},
year    = 2010,
month   = feb,
volume  = 29,
number  = 1,
pages   = {124--140},
note    = {}
}

article ZWPT10 {{{2
@article{ZWPT10,
author  = {Yi-Hua Zhu and Wan-Deng Wu and Jian Pan and Yi-Ping Tang},
title   = {An Energy-Efficient Data Gathering Algorithm to Prolong Lifetime of Wireless Sensor Networks},
journal = {Computer Communications},
year    = 2010,
month   = mar,
volume  = 33,
number  = 5,
pages   = {639--647},
note    = {}
}

article CS11 {{{2
@article{CS11,
author  = {William R. Claycomb and Dongwan Shin},
title   = {A Novel Node Level Security Policy Framework for Wireless Sensor Networks},
journal = {Journal of Network and Computer Applications},
year    = 2011,
month   = jan,
volume  = 34,
number  = 1,
pages   = {418--428},
note    = {}
}

article GFN11 {{{2
@article{GFN11,
author  = {Qijun Gu and Christopher Ferguson and Rizwan Noorani},
title   = {A Study of Self Propagating Mal-Packets in Sensor Networks: Attacks and Defenses},
journal = {Computers \& Security},
year    = 2011,
month   = jan,
volume  = 30,
number  = 1,
pages   = {13--27},
note    = {}
}

article HSB11 {{{2
@article{HSB11,
author  = {Srikanth Hariharan and Ness B. Shroff and Saurabh Bagchi},
title   = {Secure Neighbor Discovery through Overhearing in Static Multihop Wireless Networks},
journal = {Computer Networks},
year    = 2011,
month   = apr,
volume  = 55,
number  = 6,
pages   = {1229--1241},
note    = {}
}

article PI11 {{{2
@article{PI11,
author  = {Konstantinos Pelechrinis and Marios Iliofotou},
title   = {Denial of Service Attacks in Wireless Networks: The Case of Jammers},
journal = {{IEEE} Communications Surveys and Tutorials},
year    = 2011,
month   = {},
volume  = 13,
number  = 2,
pages   = {245--257},
note    = {}
}

article RM11 {{{2
@article{RM11,
author  = {Vishal Rathod and Mrudang Mehta},
title   = {Security in Wireless Sensor Network: A Survey},
journal = {Ganpat University Journal of Engineering and Technology},
year    = 2011,
month   = jan,
volume  = 1,
number  = 1,
pages   = {35--44},
note    = {}
}

article SSS11 {{{2
@article{SSS11,
author  = {Shio Kumar Singh and M. P. Singh and D. K. Singh},
title   = {A Survey on Network Security and Attack Defense Mechanism for Wireless Sensor Networks},
journal = {International Journal of Computer Trends and Technology},
year    = 2011,
month   = may,
volume  = {},
number  = {},
pages   = {},
note    = {}
}

article DYK12 {{{2
@article{DYK12,
author  = {Ahmad Yusri Dak and Saadiah Yahya and Murizah Kassim},
title   = {A Literature Survey on Security Challenges in {VANET}s},
journal = {International Journal of Computer Theory and Engineering},
year    = 2012,
month   = dec,
volume  = 4,
number  = 6,
pages   = {1007--1010},
note    = {}
}

article E-ZCGGK12 {{{2
@article{E-ZCGGK12,
author  = {Madeleine El-Zaher and Jean-Michel Contet and Pablo Gruer and Franck Gechter and Abderrafiaa Koukam},
title   = {Compositional Verification for Reactive Multi-Agent Systems applied to Platoon Non Collision Verification},
journal = {Studia Informatica Universalis},
year    = 2012,
month   = {},
volume  = 10,
number  = 3,
pages   = {119--141},
note    = {}
}

article HI12 {{{2
@article{HI12,
author  = {Tasneem Halim and Md. Rafiqul Islam},
title   = {A Study on the Security Issues in {WSN}},
journal = {International Journal of Computer Applications},
year    = 2012,
month   = sep,
volume  = 53,
number  = 1,
pages   = {26--32},
note    = {}
}

article KR12 {{{2
@article{KR12,
author  = {A. Babu Karuppiah and S. Rajaram},
title   = {Energy Efficient Encryption Algorithm for Wireless Sensor Network},
journal = {International Journal of Engineering Research and Technology},
year    = 2012,
month   = may,
volume  = 1,
number  = 3,
pages   = {},
note    = {Whitepaper}
}

article KTAA12 {{{2
@article{KTAA12,
author  = {Asif Khan and Israfil Tamim and Emdad Ahmed and Muhammad Abdul Awal},
title   = {Multiple Parameter Based Clustering ({MPC}): Prospective Analysis for Effective Clustering in Wireless Sensor Network ({WSN}) Using k-means Algorithm},
journal = {Wireless Sensor Network},
year    = 2012,
month   = jan,
volume  = 4,
number  = 1,
pages   = {18--24},
note    = {}
}

article SWKC12 {{{2
@article{SWKC12,
author  = {Hai-Yan Shi and Wan-Liang Wang and Ngai-Ming Kwok and Sheng-Yong Chen},
title   = {Game Theory for Wireless Sensor Networks: A Survey},
journal = {Sensors},
year    = 2012,
month   = jul,
volume  = 12,
number  = 7,
pages   = {9055--9097},
note    = {}
}

article BBBP13 {{{2
@article{BBBP13,
author  = {Jalel Ben-Othman and Karim Bessaoud and Alain Bui and Pilard},
title   = {Self-Stabilizing Algorithm for Efficient Topology Control in Wireless Sensor Networks},
journal = {Journal of Computational Sciences},
year    = 2013,
month   = jul,
volume  = 4,
number  = 4,
pages   = {199--208},
note    = {}
}

article BMM13 {{{2
@article{BMM13,
author  = "Paolo Ballarini and Lynda Mokdad and " # qmo,
title   = {Modeling Tools for Detecting {D}o{S} Attacks in {WSN}s},
journal = {Security and Communication Networks},
year    = 2013,
month   = apr,
volume  = 6,
number  = 4,
pages   = {420--436},
note    = {}
}

article BMS13 {{{2
@article{BMS13,
author  = {Ismail Butun and Salvatore D. Morgera and Ravi Sankar},
title   = {A Survey of Intrusion Detection Systems in Wireless Sensor Networks},
journal = {{IEEE} Communications Surveys and Tutorials},
year    = 2013,
month   = may,
volume  = 16,
number  = 1,
pages   = {266--282},
note    = {}
}

article BSK13 {{{2
@article{BSK13,
author  = {Harjot Bawa and Parminder Singh and Rakesh Kumar},
title   = {An Efficient Novel Key Management Scheme for Enhancing User Authentication in a {WSN}},
journal = {International Journal of Computer Network and Information Security},
year    = 2013,
month   = jan,
volume  = 5,
number  = 1,
pages   = {56--64},
note    = {}
}

article DQWH13 {{{2
@article{DQWH13,
author  = {Abdoulaye Diop and Yue Qi and Qin Wang and Shariq Hussain},
title   = {An Advanced Survey on Secure Energy-Efficient Hierarchical Routing Protocols in Wireless Sensor Networks},
journal = {International Journal of Computer Science Issues},
year    = 2013,
month   = jan,
volume  = 10,
number  = 1,
pages   = {490--500},
note    = {}
}

article GWZCK13 {{{2
@article{GWZCK13,
author  = {Ping Guo and Jin Wang and JieZhong Zhu and YaPing Cheng and Jeong-Uk Kim},
title   = {Construction of Trusted Wireless Sensor Networks with Lightweight Bilateral Authentication},
journal = {International Journal of Security and Its Applications},
year    = 2013,
month   = sep,
volume  = 7,
number  = 5,
pages   = {225--236},
note    = {}
}

article HR13 {{{2
@article{HR13,
author  = {Sina Hamedheidari and Reza Rafeh},
title   = {A Novel Agent-Based Approach to Detect Sinkhole Attacks in Wireless Sensor Networks},
journal = {Computers and Security},
year    = 2013,
month   = sep,
volume  = 37,
number  = {},
pages   = {1--14},
note    = {}
}

article HSP13 {{{2
@article{HSP13,
author  = {Kang Ho-Seok and Kim Sung-Ryula and Kim Pankoo},
title   = {Traffic Deflection Method for {DoS} Attack Defense using a Location-Based Routing Protocol in the Sensor Network},
journal = {Computer Science and Information Systems},
year    = 2013,
month   = {},
volume  = 10,
number  = 2,
pages   = {685--701},
note    = {}
}

article ME13 {{{2
@article{ME13,
author  = {Yassine Maleh and Abdellah Ezzati},
title   = {A Review of Security Attacks and Intrusion Detection Schemes in Wireless Sensor Networks},
journal = {International Journal of Wireless \& Mobile Networks},
year    = 2013,
month   = dec,
volume  = 5,
number  = 6,
pages   = {},
note    = {}
}

article RKKK13 {{{2
@article{RKKK13,
author  = {Mohammad Reza Rohbanian and Mohammad Rafi Kharazmi and Alireza Keshavarz-Haddad and Manije Keshtgary},
title   = {Watchdog-{LEACH}: A New Method Based on {LEACH} Protocol to Secure Clustered Wireless Sensor Networks},
journal = {Advances in Computer Science: An International Journal},
year    = 2013,
month   = jul,
volume  = 2,
number  = 3,
pages   = {105--117},
note    = {}
}

article RR13 {{{2
@article{RR13,
author  = {B. Brahma Reddy and K. Kishan Rao},
title   = {A Modified Clustering for {LEACH} Algorithm in {WSN}},
journal = {International Journal of Advanced Computer Science and Applications},
year    = 2013,
month   = may,
volume  = 4,
number  = 5,
pages   = {79--83},
note    = {}
}

article RV13 {{{2
@article{RV13,
author  = {D. Udaya Suriya Rajkumar and Rajamani Vayanaperumal},
title   = {A Leader Based Monitoring Approach for Sinkhole Attack in Wireless Sensor Network},
journal = {Journal of Computer Science},
year    = 2013,
month   = {},
volume  = 9,
number  = 9,
pages   = {1106--1116},
note    = {}
}

article ZTLMK13 {{{2
@article{ZTLMK13,
author  = {Theodore Zahariadis and Panagiotis Trakadas and Helen C. Leligou and Sotiris Maniatis and Panagiotis Karkazis},
title   = {A Novel Trust-Aware Geographical Routing Scheme for Wireless Sensor Networks},
journal = {Wireless Personal Communications},
year    = 2013,
month   = mar,
volume  = 69,
number  = 2,
pages   = {805--826},
note    = {}
}

article AD14 {{{2
@article{AD14,
author  = {Sahabul Alam and Debashis De},
title   = {Analysis of Security Threats in Wireless Sensor Network},
journal = {International Journal of Wireless and Mobile Networks},
year    = 2014,
month   = apr,
volume  = 6,
number  = 2,
pages   = {35--46},
note    = {}
}

article BBTY14 {{{2
@article{BBTY14,
author  = {Ben Othman, Soufiene and Abdullah Ali Bahattab and Abdelbasset Trad and Habib Youssef},
title   = {Confidentiality and Integrity for Data Aggregation in {WSN} Using Homomorphic Encryption},
journal = {Wireless Personal Communications},
year    = 2014,
month   = sep,
volume  = {},
number  = {},
pages   = {},
note    = {}
}

article CJ14 {{{2
@article{CJ14,
author  = {Naveen Chawla and Ashish Jasuja},
title   = {Algorithm for Optimizing First Node Die ({FND}) Time in {LEACH} Protocol},
journal = {International Journal of Current Engineering and Technology},
year    = 2014,
month   = aug,
volume  = 4,
number  = 4,
pages   = {2748-2750},
note    = {}
}

article DA14dead {{{2
@article{DA14dead,
author  = {Sunita Devi and Anshul Anand},
title   = {Analysis of Dead Node in Wireless Sensor Network Denial of Sleep Attack},
journal = {International Journal of Computer Science and Mobile Computing},
year    = 2014,
month   = jun,
volume  = 3,
number  = 6,
pages   = {633--638},
note    = {}
}

article DA14alive {{{2
@article{DA14alive,
author  = {Sunita Devi and Anshul Anand},
title   = {Evaluation for Alive Node on Wireless Sensor Network Denial of Sleep Attack},
journal = {International Journal of Computer Science and Mobile Computing},
year    = 2014,
month   = jul,
volume  = 3,
number  = 7,
pages   = {594--601},
note    = {}
}

article FZM14 {{{2
@article{FZM14,
author  = {Najma Farooq and Irwa Zahoor and Sandip Mandal},
title   = {Recovering from In-Band Wormhole Based Denial of Service in Wireless Sensor Networks},
journal = {International Journal of Current Engineering and Technology},
year    = 2014,
month   = jun,
volume  = 4,
number  = 3,
pages   = {1604--1607},
note    = {}
}

article GD14 {{{2
@article{GD14,
author  = {Amrita Ghosal and Sipra DasBit},
title   = {A Lightweight Security Scheme for Query Processing in Clustered Wireless Sensor Networks},
journal = {Computers and Electrical Engineering},
year    = 2014,
month   = apr,
volume  = {},
number  = {},
pages   = {},
note    = {}
}

article HMBMA14 {{{2
@article{HMMBA14,
author  = "Youcef Hammal and " # qmo # " and Lynda Mokdad and Jalel Ben-Othman and Abdelkarim Abdelli",
title   = {Timed Automata Based Modeling and Verification of Denial of Service Attacks in Wireless Sensor Networks},
journal = {Studia Informatica Universalis},
year    = 2014,
month   = {},
volume  = 12,
number  = 1,
pages   = {1--46},
note    = {}
}

article KDA14 {{{2
@article{KDA14,
author  = {Leonidas Kazatzopoulos and Costas Delakouridis and Christos Anagnostopoulos},
title   = {{WSN} Location Privacy Scheme Enhancement through Epidemical Information Dissemination},
journal = {International Journal of Communication Networks and Information Security},
year    = 2014,
month   = aug,
volume  = 6,
number  = 2,
pages   = {162--167},
note    = {}
}

article MS14 {{{2
@article{MS14,
author  = {G. Mahalakshmi and P. Subathra},
title   = {A Survey on Prevention Approaches for Denial of Sleep Attacks in Wireless Networks},
journal = {Journal of Emerging Technologies in Web Intelligence},
year    = 2014,
month   = feb,
volume  = 6,
number  = 1,
pages   = {106--110},
note    = {}
}

article SAS14 {{{2
@article{SAS14,
author  = {P. Sivakumar and K. Amirthavalli and M. Senthil},
title   = {Power Conservation and Security Enhancement in Wireless Sensor Networks: A Priority Based Approach},
journal = {International Journal of Distributed Sensor Networks},
year    = 2014,
month   = may,
volume  = {},
number  = {},
pages   = {},
note    = {}
}

article SKDM14 {{{2
@article{SKDM14,
author  = {H. Shafiei and A. Khonsari and H. Derakhshi and P. Mousavi},
title   = {Detection and Mitigation of Sinkhole Attacks in Wireless Sensor Networks},
journal = {Journal of Computer and System Sciences},
year    = 2014,
month   = may,
volume  = 80,
number  = 3,
pages   = {644--653},
note    = {}
}

article SS14-rev {{{2
@article{SS14-rev,
author  = {Vartika Shah and Sanjiv Sharma},
title   = {A Review of Existing Security Frameworks and Encryption Methods for Wireless Sensor Networks},
journal = {International Journal of Innovations \& Advancement in Computer Science},
year    = 2014,
month   = apr,
volume  = 3,
number  = 2,
pages   = {90--98},
note    = {}
}

article SS14-snep {{{2
@article{SS14-snep,
author  = {Vartika Shah and Sanjiv Sharma},
title   = {Evaluation of Encryption Method of {SNEP} for Implementing Security in Wireless Sensor Network using {SPINS} Framework},
journal = {International Journal of Grid Distribution Computing},
year    = 2014,
month   = {},
volume  = 7,
number  = 5,
pages   = {43--52},
note    = {}
}

article SZFDXC14 {{{2
@article{SZFDXC14,
author  = {Fangmin Sun and Zhan Zhao and Zhen Fang and Lidong Du and Zhihong Xu and Diliang Chen},
title   = {A Review of Attacks and Security Protocols for Wireless Sensor Networks},
journal = {International Journal of Networks},
year    = 2014,
month   = may,
volume  = 9,
number  = 5,
pages   = {1103--1113},
note    = {}
}

article KKA15 {{{2
@article{KKA15,
author  = {Saru Kumari and Muhammad Khurram Khan and Mohammed Atiquzzaman},
title   = {User Authentication Schemes for Wireless Sensor Networks: A Review},
journal = {Ad Hoc Networks},
year    = 2015,
month   = apr,
volume  = 27,
number  = {},
pages   = {159--194},
note    = {}
}

article TCCGFDMA15 {{{2
@article{TCCGFDMA15,
author  = {Tao, Li and Cinquanta, Eugenio and Chiappe, Daniele and Grazianetti, Carlo and Fanciulli, Marco and Dubey, Madan and Molle, Alessandro and Akinwande, Deji},
title   = {Silicene Field-Effect Transistors Operating at Room Temperature},
journal = {Nature Technology},
year    = 2015,
month   = feb,
volume  = {},
number  = {},
pages   = {},
note    = {}
}

book {{{1

book RJ91 {{{2
@book{RJ91,
author    = {Raj Jain},
title     = {The art of Computer Performance Analysis},
publisher = {Wiley},
year      = 1991,
month     = apr,
note      = {}
}

book ABCDF95 {{{2
@book{ABCDF95,
author    = {Ajmone Marsan, Marco and Gianfranco Balbo and Giuseppe Conte and Susanna Donatelli and Giuliana Franceschinis},
title     = {Modelling with Generalized Stochastic Petri Nets},
publisher = {John Wiley \& Sons},
year      = 1995,
month     = nov,
note      = {}
}

book GTW02 {{{2
@book{GTW02,
author    = {Erich Gr√§del and Wolfgang Thomas and Thomas Wilke},
title     = {Automata, Logics, and Infinite Games},
publisher = {Springer},
year      = 2002,
month     = oct,
note      = {}
}

book TW10 {{{2
@book{TW10,
author    = {Andrew S. Tanenbaum and David J. Wetherall},
title     = {Computer Networks, 5/E},
publisher = {Prentice Hall},
year      = 2010,
month     = sep,
note      = {}
}

incollection {{{1

incollection BDL04 {{{2 /!\ Don't have it
@incollection{BDL04,
author    = {Gerd Behrmann and Alexandre David and Kim G. Larsen},
title     = {A Tutorial on \textsc{Uppaal}},
booktitle = {Formal Methods for the Design of Real-Time Systems},
publisher = {Springer},
year      = 2004,
editor    = {},
month     = {},
volume    = 3185,
number    = {},
series    = {},
type      = {},
pages     = {200--236},
address   = {},
edition   = {},
note      = {}
}

incollection WS04 {{{2
@incollection{WS04,
author    = {Anthony D. Wood and John A. Stankovic},
title     = {A Taxonomy for Denial-of-Service Attacks in Wireless Sensor Networks},
booktitle = {Handbook of Sensor Networks: Compact Wireless and Wired Sensing Systems},
publisher = {{CRC} {P}ress},
year      = 2004,
editor    = {Mohammad Ilyas and Imad Mahgoub},
month     = jul,
volume    = {},
number    = {},
series    = {},
type      = {},
chapter   = {},
pages     = {},
address   = {},
edition   = {},
note      = {}
}

incollection WLSC06 {{{2
@incollection{WLSC06,
author    = {John Paul Walters and Zhengqiang Liang and Weisong Shi and Vipin Chaudhary},
title     = {Wireless Sensor Network Security: A Survey},
booktitle = {Security in Distributed, Grid, and Pervasive Computing},
publisher = {Auerbach Publications, CRC Press},
year      = 2006,
editor    = {Yang Xiao},
month     = jul,
volume    = {},
number    = {},
series    = {},
type      = {},
chapter   = {17},
pages     = {},
address   = {},
edition   = {},
note      = {}
}

incollection KNP07 {{{2
@incollection{KNP07,
author    = {M. Kwiatkowska and G. Norman and D. Parker},
title     = {Stochastic Model Checking},
booktitle = {Formal Methods for the Design of Computer, Communication and Software Systems: Performance Evaluation ({SFM}'07)},
publisher = {Springer},
year      = 2007,
editor    = {M. Bernardo and J. Hillston},
month     = jun,
volume    = 4486,
number    = {},
series    = {Lecture Notes in Computer Science},
type      = {Tutorial volume},
chapter   = {},
pages     = {220--270},
address   = {},
edition   = {},
note      = {}
}

incollection Ho10 {{{2
@incollection{Ho10,
author    = {Jun-Won Ho},
title     = {Distributed Detection of Node Capture Attacks in Wireless Networks},
booktitle = {Smart Wireless Sensor Networks},
publisher = {InTech},
year      = 2010,
editor    = {Hoang Duc Chinh and Yen Kheng Tan},
month     = dec,
volume    = {},
number    = {},
series    = {},
type      = {},
chapter   = 20,
pages     = {345--360},
address   = {},
edition   = {},
note      = {}
}

incollection GNL12 {{{2
@incollection{GNL12,
author    = {Zheng Gong and Svetla Nikova and YeeWei Law},
title     = {{KLEIN}: A New Family of Lightweight Block Ciphers},
booktitle = {RFID. Security and Privacy},
publisher = {Springer Berlin Heidelberg},
year      = 2012,
editor    = {Ari Juels and Christof Paar},
month     = {},
volume    = 7055,
number    = {},
series    = {Lecture Notes in Computer Science},
type      = {},
chapter   = {},
pages     = {1--18},
address   = {},
edition   = {},
note      = {}
}

incollection SCOA13 /!\ Don't have it {{{2
@incollection{SCOA13,
author    = {Wissam Sammouri and √âtienne C√¥me and Latifa Oukhellou and Patrice Aknin},
title     = {Mining Floating Train Data Sequences for Temporal Association Rules within a Predictive Maintenance Framework},
booktitle = {Advances in Data Mining. Applications and Theoretical Aspects},
publisher = {Springer Berlin Heidelberg},
year      = 2013,
editor    = {Petra Perner},
month     = {},
volume    = 7987,
number    = {},
series    = {Lecture Notes in Computer Science},
type      = {},
chapter   = {},
pages     = {112--126},
address   = {},
edition   = {},
note      = {}
}

incollection MM15 {{{2
@incollection{MM15,
author    =  qmo # " and Lynda Mokdad",
title     = {DoS Detection in WSNs: Energy-Efficient Designs and Modeling Tools for Choosing Monitoring Nodes},
booktitle = {Modeling and Simulation of Computer Networks and Systems},
publisher = {Elsevier},
year      = 2015,
editor    = {Mohammad S. Obaidat and Faouzi Zaraia and Petros Nicopolitidis},
month     = apr,
volume    = {},
number    = {},
series    = {},
type      = {},
chapter   = {28},
pages     = {795--840},
address   = {},
edition   = {},
note      = {}
}

inproceedings {{{1

inproceedings HCB00 {{{2
@inproceedings{HCB00,
author       = {Wendi Rabiner Heinzelman and Anantha Chandrakasan and Hari Balakrishnan},
title        = {Energy-Efficient Communication Protocol for Wireless Microsensor Networks},
booktitle    = {Proceedings of the {IEEE} 33rd {H}awaii International Conference on System Sciences},
year         = 2000,
month        = jan,
editor       = {},
volume       = 8,
number       = {},
pages        = {},
series       = {},
organization = {},
publisher    = {},
address      = {Maui, HI, √âtats-Unis},
note         = {}
}

inproceedings BGW01 {{{2
@inproceedings{BGW01,
author       = {Nikita Borisov and Ian Goldberg and David Wagner},
title        = {Intercepting Mobile Communications: The Insecurity of 802.11},
booktitle    = {Proceedings of the ACM 7th Annual International Conference on Mobile Computing and Networking ({SIGMOBILE})},
year         = 2001,
month        = jul,
editor       = {},
volume       = {},
number       = {},
pages        = {180--189},
series       = {},
organization = {},
publisher    = {},
address      = {Rome, Italie},
note         = {}
}

inproceedings RV01 {{{2
@inproceedings{RV01,
author       = {D. Rakhmatov and S. Vrudhula},
title        = {An Analytical High-Level Battery Model for Use in Energy Management of Portable Electronic Systems},
booktitle    = {Proceedings of the International Conference on Computer Aided Design ({ICCAD}'01)},
year         = 2001,
month        = nov,
editor       = {},
volume       = {},
number       = {},
pages        = {488--493},
series       = {},
organization = {},
publisher    = {},
address      = {San Jos√©, CA, √âtats-Unis},
note         = {}
}

inproceedings HHT02 {{{2
@inproceedings{HHT02,
author       = {M. J. Handy and M. Haase and D. Timmerman},
title        = {Low Energy Adaptive Clustering Hierarchy with Deterministic Cluster-Head Selection},
booktitle    = {Proceedings of the 4th {IEEE} International Workshop on Mobile and Wireless Communications Networks},
year         = 2002,
month        = {},
editor       = {},
volume       = {},
number       = {},
pages        = {368--372},
series       = {},
organization = {},
publisher    = {},
address      = {Stockholm, Su√®de},
note         = {}
}

inproceedings YHE02 {{{2
@inproceedings{YHE02,
author       = {Wei Ye and John Heidemann and Deborah Estrin},
title        = {An Energy-Efficient {MAC} Protocol for Wireless Sensor Networks},
booktitle    = {Proceedings of the 21st Annual Joint Conference of the {IEEE} {C}omputer and {C}ommunications {S}ocieties ({INFOCOM}'02)},
year         = 2002,
month        = jun,
editor       = {},
volume       = 3,
number       = {},
pages        = {1567--1576},
series       = {},
organization = {},
publisher    = {},
address      = {New-York, NY, √âtats-Unis},
note         = {}
}

inproceedings TE03 {{{2
@inproceedings{TE03,
author       = {Johnny Tsao and Petros Efstathopoulos},
title        = {Low-Rate {TCP}-Targeted Denial of Service Attack Defense},
booktitle    = {Proceedings of the 2003 Conference on Applications, Technologies, Architectures, and Protocols for Computer Communications ({SIGCOMM}'03)},
year         = 2003,
month        = aug,
editor       = {},
volume       = {},
number       = {},
pages        = {75--86},
series       = {},
organization = {},
publisher    = {},
address      = {Karlsruhe, Allemagne},
note         = {}
}

inproceedings ZSJ03 {{{2
@inproceedings{ZSJ03,
author       = {Sencun Zhu and Sanjeev Setia and Sushil Jajodia},
title        = {{LEAP}: Efficient Security Mechanisms for Large-Scale Distributed Sensor Networks},
booktitle    = {Proceedings of the 10th {ACM} Conference on Computer and Communications Security ({CSS}'03)},
year         = 2003,
month        = oct,
editor       = {},
volume       = {},
number       = {},
pages        = {62--72},
series       = {},
organization = {},
publisher    = {},
address      = {Washington, DC, √âtats-Unis},
note         = {}
}

inproceedings CT04 {{{2
@inproceedings{CT04,
author       = {Benjamin J. Culpepper and H. Chris Tseng},
title        = {Sinkhole Intrusion Indicators in {DSR} {MANET}s},
booktitle    = {Proceedings of the 1st International on Broadband Networks {B}road{N}ets'04)},
year         = 2004,
month        = oct,
editor       = {},
volume       = {},
number       = {},
pages        = {681--688},
series       = {},
organization = {},
publisher    = {},
address      = {San Jos√©, CA, √âtats-Unis},
note         = {}
}

inproceedings FL04 {{{2
@inproceedings{FL04,
author       = {Chuan Heng Foh and Bu Sung Lee},
title        = {A Closed Form Network Connectivity Formula for One-Dimensional {MANET}s},
booktitle    = {Proceedings of the 2004 {IEEE} International Conference on Communications ({ICC}'04)},
year         = 2004,
month        = jun,
editor       = {},
volume       = 7,
number       = {},
pages        = {},
series       = {},
organization = {},
publisher    = {},
address      = {Paris, France},
note         = {}
}

inproceedings KSW04 {{{2
@inproceedings{KSW04,
author       = {Chris Karlof and Naveen Sastry and David Wagner},
title        = {{TinySec}: A Link Layer Security Architecture for Wireless Sensor Networks},
booktitle    = {Proceedings of the 2nd International Conference on Embedded Networked Sensor Systems},
year         = 2004,
month        = nov,
editor       = {},
volume       = {},
number       = {},
pages        = {162--175},
series       = {},
organization = {},
publisher    = {},
address      = {Baltimore, MD, √âtats-Unis},
note         = {}
}

inproceedings LRW04 {{{2
@inproceedings{LRW04,
author       = {En-Yi A. Lin and Jan M. Rabaey and Adam Wolisz},
title        = {Power-Efficient Rendez-Vous Schemes for Dense Wireless Sensor Networks},
booktitle    = {Proceedings of the 2004 {IEEE} International Conference on Communications ({ICC}'04)},
year         = 2004,
month        = jun,
editor       = {},
volume       = 7,
number       = {},
pages        = {3769--3776},
series       = {},
organization = {},
publisher    = {},
address      = {Paris, France},
note         = {}
}

inproceedings NSSP04 {{{2
@inproceedings{NSSP04,
author       = {James Newsome and Elaine Shi and Dawn Song and Adrian Perrig},
title        = {The Sybil Attack in Sensor Networks: Analysis \& Defenses},
booktitle    = {Proceedings of the 3rd International Symposium on Information Processing in Sensor Networks ({IPSN}'04)},
year         = 2004,
month        = apr,
editor       = {},
volume       = {},
number       = {},
pages        = {259--268},
series       = {},
organization = {},
publisher    = {},
address      = {Berkeley, CA, √âtats-Unis},
note         = {}
}

inproceedings BGL05 {{{2
@inproceedings{BGL05,
author       = {Vijay Bhuse and Ajay Gupta and Leszek Lilien},
title        = {{DPDSN}: Detection of Packet-Dropping Attacks for Wireless Sensor Networks},
booktitle    = {Proceedings of the 4th International Trusted Internet Workshop ({TIW}'05)},
year         = 2005,
month        = dec,
editor       = {},
volume       = {},
number       = {},
pages        = {},
series       = {},
organization = {},
publisher    = {},
address      = {Goa, Inde},
note         = {}
}

inproceedings DHM05 {{{2
@inproceedings{DHM05,
author       = {Jing Deng and Richard Han and Shivakant Mishra},
title        = {Defending Against Path-Based {DoS} Attacks in Wireless Sensor Networks},
booktitle    = {Proceedings of the 3rd {ACM} Workshop on Security of Ad Hoc and Sensor Networks ({SASN}'05)},
year         = 2005,
month        = nov,
editor       = {},
volume       = {},
number       = {},
pages        = {89--96},
series       = {},
organization = {},
publisher    = {},
address      = {Alexandria, VA, √âtats-Unis},
note         = {}
}

inproceedings Kar05 {{{2
@inproceedings{Kar05,
author       = {Zdravko Karakehayov},
title        = {Using {REWARD} to Detect Team Black-Hole Attacks in Wireless Sensor Networks},
booktitle    = {Proceedings of the 1st Workshop on Real-World Wireless Sensor Networks ({REALWSN}'05)},
year         = 2005,
month        = jun,
editor       = {},
volume       = {},
number       = {},
pages        = {75--79},
series       = {},
organization = {},
publisher    = {},
address      = {Stockholm, Su√®de},
note         = {}
}

inproceedings MPROH05 {{{2
@inproceedings{MPROH05,
author       = {Kirk Martinez and Paritosh Padhy and Alistair Riddoch and Royan Ong and Jane Hart},
title        = {Glacial Environment Monitoring using Sensor Networks},
booktitle    = {Proceedings of the 1st Workshop on Real-World Wireless Sensor Networks ({REALWSN}'05)},
year         = 2005,
month        = jun,
editor       = {},
volume       = {},
number       = {},
pages        = {9--13},
series       = {},
organization = {},
publisher    = {},
address      = {Stockholm, Su√®de},
note         = {}
}

inproceedings MSPR05 {{{2
@inproceedings{MSPR05,
author       = {Jonathan M. Mc{C}une and Elaine Shi and Adrian Perrig and Michael K. Reiter},
title        = {Detection of Denial-of-Message Attacks on Sensor Networks Broadcast},
booktitle    = {Proceedings of the 2005 IEEE Symposium on Security and Privacy ({SP}'05)},
year         = 2005,
month        = may,
editor       = {},
volume       = {},
number       = {},
pages        = {64--78},
series       = {},
organization = {},
publisher    = {},
address      = {Oakland, CA, √âtats-Unis},
note         = {}
}

inproceedings BGKI06 {{{2
@inproceedings{BGKI06,
author       = {Claudio Basile and Meeta Gupta and Zbigniew Kalbarczyk and Ravi K. Iyer},
title        = {An Approach for Detecting and Distinguishing Errors Versus Attacks in Sensor Networks},
booktitle    = {Proceedings of the 2006 International Conference on Dependable Systems and Networks ({DSN}'06)},
year         = 2006,
month        = jun,
editor       = {},
volume       = {},
number       = {},
pages        = {473--484},
series       = {},
organization = {},
publisher    = {},
address      = {Sheraton Society Hill, Philadelphie, PA, √âtats-Unis},
note         = {}
}

inproceedings CPG06 {{{2
@inproceedings{CPG06,
author       = {Garth V. Crosby and Niki Pissinou and James Gadze},
title        = {A Framework for Trust-Based Cluster Head Election in Wireless Sensor Networks},
booktitle    = {Proceedings of the 2nd {IEEE} Workshop on Dependability and Security in Sensor Networks and Systems ({DSSNS}'06)},
year         = 2006,
month        = apr,
editor       = {},
volume       = {},
number       = {},
pages        = {},
series       = {},
organization = {},
publisher    = {},
address      = {Columbia, MD, √âtats-Unis},
note         = {}
}

inproceedings FC06 {{{2
@inproceedings{FC06,
author       = {Daniel B. Faria and David R. Cheriton},
title        = {Detecting Identity-Based Attacks in Wireless Networks Using Signalprints},
booktitle    = {Proceedings of the 5th {ACM} Workshop on Wireless Security ({W}i{S}e'06)},
year         = 2006,
month        = sep,
editor       = {},
volume       = {},
number       = {},
pages        = {43--52},
series       = {},
organization = {},
publisher    = {},
address      = {Los Angeles, CA, √âtats-Unis},
note         = {}
}

inproceedings HH06 {{{2
@inproceedings{HH06,
author       = {Joon Heo and Choong Seon Hong},
title        = {Efficient and Authenticated Key Agreement Mechanism in Low-Rate {WPAN} Environment},
booktitle    = {Proceedings of the 1st International Symposium on Wireless Pervasive Computing ({ISWPC}'06)},
year         = 2006,
month        = jan,
editor       = {},
volume       = {},
number       = {},
pages        = {1--5},
series       = {},
organization = {},
publisher    = {},
address      = {Phuket, Tha√Ølande},
note         = {}
}

inproceedings MO06 {{{2
@inproceedings{MO06,
author       = {Rajani Muraleedharan and Lisa Ana Osadciw},
title        = {Jamming Attack Detection and Countermeasures in Wireless Sensor Network using Ant System},
booktitle    = {Proceedings of the 2006 SPIE Defense, Security and Sensing Symposium ({DSS}'06)},
year         = 2006,
month        = apr,
editor       = {},
volume       = {},
number       = {},
pages        = {},
series       = {},
organization = {},
publisher    = {},
address      = {Orlando, FL, √âtats-Unis},
note         = {}
}

inproceedings PLP06 {{{2
@inproceedings{PLP06,
author       = {Krzysztof Piotrowski and Peter Langendoerfer and Steffen Peter},
title        = {How Public Key Cryptography Influences Wireless Sensor Node Lifetime},
booktitle    = {Proceedings of the 4th {ACM} Workshop on Security of Ad Hoc and Sensor Networks ({SASN}'06)},
year         = 2006,
month        = oct,
editor       = {},
volume       = {},
number       = {},
pages        = {169--176},
series       = {},
organization = {},
publisher    = {},
address      = {Alexandria, VA, √âtats-Unis},
note         = {}
}

inproceedings SLPDK06 {{{2
@inproceedings{SLPDK06,
author       = {Arvind Seshadri and Mark Luk and Adrian Perrig and Leendert van Doorn and Pradeep Khosla},
title        = {{SCUBA}: {S}ecure {C}ode {U}pdate {b}y {a}ttestation in Sensor Networks},
booktitle    = {Proceedings of the 5th {ACM} Workshop on Wireless Security ({W}i{S}e'06)},
year         = 2006,
month        = sep,
editor       = {},
volume       = {},
number       = {},
pages        = {85--94},
series       = {},
organization = {},
publisher    = {},
address      = {Los Angeles, CA, √âtats-Unis},
note         = {}
}

inproceedings YX06 {{{2
@inproceedings{YX06,
author       = {Bo Yu and Bin Xiao},
title        = {Detecting Selective Forwarding Attacks in Wireless Sensor Networks},
booktitle    = {Proceedings of the 20th International Parallel and Distributed Processing Symposium ({IPDPS}'06)},
year         = 2006,
month        = apr,
editor       = {},
volume       = {},
number       = {},
pages        = {1--8},
series       = {},
organization = {},
publisher    = {},
address      = {Rhodes, Gr√®ce},
note         = {}
}

inproceedings AAE07 {{{2
@inproceedings{AAE07,
author       = {Sahel Alouneh and Abdeslam En-Nouaary and Anjali Agarwal},
title        = {Securing {MPLS} Networks with Multi-Path Routing},
booktitle    = {Proceedings of the 4th International Conference on Information Technology ({ITNG}'07)},
year         = 2007,
month        = apr,
editor       = {},
volume       = {},
number       = {},
pages        = {809--814},
series       = {},
organization = {},
publisher    = {},
address      = {Las Vegas, NV, √âtats-Unis},
note         = {}
}

inproceedings BN07 {{{2
@inproceedings{BN07,
author       = {D. Boyle and T. Newe},
title        = {Security Protocols for use with Wireless Sensor Networks ---~A Survey of Security Architectures},
booktitle    = {Proceedings of the 3rd International Conference on Wireless and Mobile Communications ({ICWMC}'07)},
year         = 2007,
month        = mar,
editor       = {},
volume       = {},
number       = {},
pages        = {},
series       = {},
organization = {},
publisher    = {},
address      = {Guadeloupe, France},
note         = {}
}

inproceedings F-GRL07 {{{2
@inproceedings{F-GRL07,
author       = {M. Carmen Fern{\'a}ndez-Gago and Rodrigo Rom{\'a}n and Javier Lopez},
title        = {A Survey on the Applicability of Trust Management Systems for Wireless Sensor Networks},
booktitle    = {Proceedings of the 3rd International Workshop on {S}ecurity, {P}rivacy and Trust in {Per}vasive and {U}biquitous Computing ({SECPerU}'07)},
year         = 2007,
month        = jul,
editor       = {},
volume       = {},
number       = {},
pages        = {25--30},
series       = {},
organization = {},
publisher    = {},
address      = {Istanbul, Turquie},
note         = {}
}

inproceedings KSMS07 {{{2
@inproceedings{KSMS07,
author       = {Sophia Kaplantzis and Alistair Shilton and Nallasamy Mani and Y. Ahmet {\c S}ekercio{\u g}lu},
title        = {Detecting Selective Forwarding Attacks in Wireless Sensor Networks using Support Vector Machines},
booktitle    = {Proceedings of the 3rd International Symposium on Intelligent Sensors, Sensor Networks and Information Processing ({ISSNIP}'07)},
year         = 2007,
month        = dec,
editor       = {},
volume       = {},
number       = {},
pages        = {},
series       = {},
organization = {},
publisher    = {},
address      = {Melbourne, Victoria, Australie},
note         = {}
}

inproceedings LMPG07 {{{2
@inproceedings{LMPG07,
author       = {Mark Luk and Ghita Mezzour and Adrian Perrig and Virgil Gligor},
title        = {{MiniSec}: A Secure Sensor Network Communication Architecture},
booktitle    = {Proceedings of the 6th International Conference on Information Processing in Sensor Networks ({ISPN}'06)},
year         = 2007,
month        = apr,
editor       = {},
volume       = {},
number       = {},
pages        = {479--488},
series       = {},
organization = {},
publisher    = {},
address      = {Cambridge, MA, √âtats-Unis},
note         = {}
}

inproceedings SSGB07 {{{2
@inproceedings{SSGB07,
author       = {Mona Sharifnejad and Mohsen Sharifi and Mansoureh Ghiasabadi and Sareh Beheshti},
title        = {A Survey on Wireless Sensor Networks Security},
booktitle    = {Proceedings of the 4th International Conference on Sciences of Electronic, Technologies of Information and Telecommunications ({SETIT}'07)},
year         = 2007,
month        = mar,
editor       = {},
volume       = {},
number       = {},
pages        = {},
series       = {},
organization = {},
publisher    = {},
address      = {Tunisie},
note         = {}
}

inproceedings WDN07 {{{2
@inproceedings{WDN07,
author       = {Ronghua Wang and Wenliang Du and Peng Ning},
title        = {Containing Denial-of-Service Attacks in Broadcast Authentication in Sensor Networks},
booktitle    = {Proceedings of the 8th {ACM} International Symposium on Mobile Ad Hoc Networking and Computing ({M}obi{H}oc'07)},
year         = 2007,
month        = sep,
editor       = {},
volume       = {},
number       = {},
pages        = {},
organization = {},
publisher    = {},
series       = {},
address      = {Montr√©al, QC, Canada},
note         = {}
}

inproceedings AFG08 {{{2
@inproceedings{AFG08,
author       = {Hani Alzaid and Ernest Foo and Juan Gonzalez Nieto},
title        = {Secure Data Aggregation in Wireless Sensor Network: A Survey},
booktitle    = {Proceedings of the 6th {A}ustralasian Information Security Conference ({AISC}'08)},
year         = 2008,
month        = jun,
editor       = {},
volume       = 81,
number       = {},
pages        = {93--105},
series       = {},
organization = {},
publisher    = {},
address      = {Wollongong, NSW, Australie},
note         = {}
}

inproceedings CE08 {{{2
@inproceedings{CE08,
author       = {Seonho Choi and Hyeonsang Eom},
title        = {Securing Wireless Sensor Networks Against Broadcast Service Attacks},
booktitle    = {Proceedings of the 2008 International Symposium on Telecommunications ({IST}'08)},
year         = 2008,
month        = aug,
editor       = {},
volume       = {},
number       = {},
pages        = {49--54},
series       = {},
organization = {},
publisher    = {},
address      = {T√©h√©ran, Iran},
note         = {}
}

inproceedings FC08 {{{2
@inproceedings{FC08,
author       = {Aur√©lien Francillon and Claude Castelluccia},
title        = {Code Injection Attacks on {H}arvard-Architecture Devices},
booktitle    = {Proceedings of the 15th {ACM} Conference on Computer and Communications Security ({CCS}'08)},
year         = 2008,
month        = oct,
editor       = {},
volume       = {},
number       = {},
pages        = {15--26},
series       = {},
organization = {},
publisher    = {},
address      = {Alexandria, VA, √âtats-Unis},
note         = {}
}

inproceedings JH08 {{{2
@inproceedings{JH08,
author       = {Marijn R. Jongerden and Boudewijn R. Haverkort},
title        = {Which Battery Model to Use?},
booktitle    = {Proceedings of the 24th {UK} {P}erformance {E}ngineering {W}orkshop ({UKPEW}'08)},
year         = 2008,
month        = jul,
editor       = {},
volume       = {},
number       = {},
pages        = {76--88},
series       = {},
organization = {},
publisher    = {},
address      = {Londres, Royaume-Uni},
note         = {}
}

inproceedings LPH08 {{{2
@inproceedings{LPH08,
author       = {Jun Luo and Panagiotis Papadimitratos and Jean-Pierre Hubaux},
title        = {{G}ossi{C}rypt: Wireless Sensor Network Data Confidentiality Against Parasitic Adversaries},
booktitle    = {Proceedings of the 5th Annual {IEEE} Communications Society Conference on Sensor, Mesh and Ad Hoc Communications and Networks ({SECON}'08)},
year         = 2008,
month        = jun,
editor       = {},
volume       = {},
number       = {},
pages        = {441--450},
series       = {},
organization = {},
publisher    = {},
address      = {San Francisco, CA, √âtats-Unis},
note         = {}
}

inproceedings LZYP08 {{{2
@inproceedings{LZYP08,
author       = {Xi Luo and Yi-Ying Zhang and Wen-Cheng Yang and Myong-Soon Park},
title        = {Prevention of {D}o{S} Attacks Based on Light Weight Dynamic Key Mechanism in Hierarchical Wireless Sensor Networks},
booktitle    = {Proceedings of the 2nd International Conference on Future Generation Communication and Networking ({FGCN}'08)},
year         = 2008,
month        = dec,
editor       = {},
volume       = {},
number       = {},
pages        = {309--312},
series       = {},
organization = {},
publisher    = {},
address      = {Sanya, Hainan, Chine},
note         = {}
}

inproceedings ZZZ08 {{{2
@inproceedings{ZZZ08,
author       = {Liqiang Zhao and Hailin Zhang and Jie Zhang},
title        = {Using Incompletely Cooperative Game Theory in Wireless Sensor Networks},
booktitle    = {Proceedings of the {IEEE} {W}ireless {C}ommunications and {N}etworking {C}onference ({WCNC}'08)},
year         = 2008,
month        = apr,
editor       = {},
volume       = {},
number       = {},
pages        = {1483--1488},
series       = {},
organization = {},
publisher    = {},
address      = {Las Vegas, NV, √âtats-Unis},
note         = {}
}

inproceedings CPF09 {{{2
@inproceedings{CPF09,
author       = {Pau Closas and Alba Pag{\`e}s-Zamora and Juan A. Fern{\'a}ndez-Rubio},
title        = {A Game Theoretical Algorithm for Joint Power and Topology Control in Distributed WSN},
booktitle    = {Proceedings of the IEEE {I}nternational {C}onference on {A}coustics, {S}peech and {S}ignal {P}rocessing ({ICASSP}'09)},
year         = 2009,
month        = apr,
editor       = {},
volume       = {},
number       = {},
pages        = {462--468},
series       = {},
organization = {},
publisher    = {},
address      = {Ath√®nes, Gr√®ce},
note         = {}
}

inproceedings HBM09 {{{2
@inproceedings{HBM09,
author       = {Ali Hamieh and Jalel Ben-Othman and Lynda Mokdad},
title        = {Detection of Radio Interference Attacks in {VANET}},
booktitle    = {Proceedings of the 28th {IEEE} Conference on Global Telecommunications ({GLOBECOM}'09)},
year         = 2009,
month        = dec,
editor       = {},
volume       = {},
number       = {},
pages        = {5077--5081},
series       = {},
organization = {},
publisher    = {},
address      = {Honolulu, HI, √âtats-Unis},
note         = {}
}

inproceedings INK09 {{{2
@inproceedings{INK09,
author       = {Muhammad Hasan Islam and Kamran Nadeem and Shoab A. Khan},
title        = {Optimal Sensor Placement for Detection Against Distributed Denial of Service Attacks},
booktitle    = {Proceedings of the 2009 International Conference on Advanced Computer Control ({ICACC}'09)},
year         = 2009,
month        = jan,
editor       = {},
volume       = {},
number       = {},
pages        = {675--679},
series       = {},
organization = {},
publisher    = {},
address      = {Singapour},
note         = {}
}

inproceedings KMSL09 {{{2
@inproceedings{KMSL09,
author       = {Kashif Kifayat and Madjid Merabti and Qi Shi and David Llewellyn-Jones},
title        = {An Efficient Multi-Parameter Group Leader Selection Scheme for Wireless Sensor Networks},
booktitle    = {Proceedings of the 1st International Conference on Network and Service Security ({N2S}'09)},
year         = 2009,
month        = jun,
editor       = {},
volume       = {},
number       = {},
pages        = {110--114},
series       = {},
organization = {},
publisher    = {},
address      = {Paris, France},
note         = {}
}

inproceedings MMZ09 {{{2
@inproceedings{MMZ09,
author       = {Maryam Mohi and Ali Movaghar and Pooya Moradian Zadeh},
title        = {A Bayesian Game Approach for Preventing {DoS} Attacks in Wireless Sensor Networks},
booktitle    = {Proceedings of the 2009 International Conference on Communications and Mobile Computing ({CMC}'09)},
year         = 2009,
month        = feb,
editor       = {},
volume       = {},
number       = {},
pages        = {},
organization = {},
publisher    = {},
series       = {},
address      = {Kunming, Yunnan, Chine},
note         = {}
}

inproceedings Red09 {{{2
@inproceedings{Red09,
author       = {Yenumula B. Reddy},
title        = {A Game Theory Approach to Detect Malicious Nodes in Wireless Sensor Networks},
booktitle    = {Proceedings of the 3rd International Conference on Sensor Technologies and Applications ({SENSORCOMM}'09)},
year         = 2009,
month        = jun,
editor       = {},
volume       = {},
number       = {},
pages        = {462--468},
series       = {},
organization = {},
publisher    = {},
address      = {Ath√®nes, Gr√®ce},
note         = {}
}

inproceedings RS09 {{{2
@inproceedings{RS09,
author       = {Yenumula B. Reddy and S. Srivathsan},
title        = {Game Theory Model for Selective Forward Attacks in Wireless Sensor Networks},
booktitle    = {Proceedings of the 17th Mediterranean Conference on Control and Automation ({MED}'09)},
year         = 2009,
month        = jun,
editor       = {},
volume       = {},
number       = {},
pages        = {458--463},
series       = {},
organization = {},
publisher    = {},
address      = {Thessalonique, Gr√®ce},
note         = {}
}

inproceedings WZS09 {{{2
@inproceedings{WZS09,
author       = {Kai Wang and Xukai Zou and Yan Sui},
title        = {A Multiple Secret Sharing Scheme Based on Matrix Projection},
booktitle    = {Proceedings of the 33rd Annual {IEEE} International Computer Software and Applications Conference ({COMPSAC}'09)},
year         = 2009,
month        = jul,
editor       = {},
volume       = {},
number       = {},
pages        = {400--405},
series       = {},
organization = {},
publisher    = {},
address      = {Seattle, WA, √âtats-Unis},
note         = {}
}

inproceedings AJ11 {{{2
@inproceedings{AJ11,
author       = {Laleh Arshadi and Amir Hossein Jahangir},
title        = {Entropy Based {SYN} Flooding Detection},
booktitle    = {Proceedings of the 36th Annual {IEEE} Conference on Local Computer Networks ({LCN}'11)},
year         = 2011,
month        = oct,
editor       = {},
volume       = {},
number       = {},
pages        = {139--142},
series       = {},
organization = {},
publisher    = {},
address      = {Bonn, Allemagne},
note         = {}
}

inproceedings BDDHP11cosmos {{{2
@inproceedings{BDDHP11cosmos,
author       = {Paolo Ballarini and Hilal Djafri and Marie Duflot and Serge Haddad and Nihal Pekergin},
title        = {{COSMOS}: A Statistical Model Checker for the Hybrid Automata Stochatic Logic},
booktitle    = {Proceedings of the 8th International Conference on Quantitative Evaluation of Systems ({QEST}'11)},
year         = 2011,
month        = sep,
editor       = {},
volume       = {},
number       = {},
pages        = {143--144},
organization = {},
publisher    = {},
series       = {},
address      = {Aachen, Allemagne},
note         = {}
}

inproceedings BDDHP11hasl {{{2
@inproceedings{BDDHP11hasl,
author       = {Paolo Ballarini and Hilal Djafri and Marie Duflot and Serge Haddad and Nihal Pekergin},
title        = {{HASL}: An Expressive Language for Statistical Verification of Stochastic Models},
booktitle    = {Proceedings of the 5th International {ICST} Conference on Performance Evaluation Methodologies and Tools ({VALUETOOLS}'11)},
year         = 2011,
month        = may,
editor       = {},
volume       = {},
number       = {},
pages        = {306--315},
organization = {},
publisher    = {},
series       = {},
address      = {Cachan, France},
note         = {}
}

inproceedings CN11 {{{2
@inproceedings{CN11,
author       = {Hamideh Sadat Cheraghchi and Abbas Nayebi},
title        = {Human Society Inspired Routing for Wireless Sensor Network},
booktitle    = {Proceedings of the 7th {IEEE} International Workshop on Performance and Management of Wireless and Mobile Networks ({P2MNET}'11)},
year         = 2011,
month        = oct,
editor       = {},
volume       = {},
number       = {},
pages        = {661--669},
series       = {},
organization = {},
publisher    = {},
address      = {Bonn, Allemagne},
note         = {}
}

inproceedings CRS11 {{{2
@inproceedings{CRS11,
author       = {Roberto Doriguzzi Corin and Giovanni Russello and Elio Salvadori},
title        = {{TinyKey}: A Light-Weight Architecture for Wireless Sensor Networks Securing Real-World Applications},
booktitle    = {Proceedings of the 8th International Conference on Wireless On-Demand Network Systems and Services ({WONS'11})},
year         = 2011,
month        = jan,
editor       = {},
volume       = {},
number       = {},
pages        = {68--75},
series       = {},
organization = {},
publisher    = {},
address      = {Bardonecchia, Italie},
note         = {}
}

inproceedings CSPBG11 {{{2
@inproceedings{CSPBG11,
author       = {Inkeun Cho and Chung-Ching Shen and Siddharth Potbhare and Shuvra S. Bhattacharyya and Neil Goldsman},
title        = {Design Methods for Wireless Sensor Network Building Energy Monitoring Systems},
booktitle    = {Proceedings of the 6th International {IEEE} Workshop on Practical Issues in Building Sensor Network Applications ({SenseApp}'11)},
year         = 2011,
month        = oct,
editor       = {},
volume       = {},
number       = {},
pages        = {974--981},
series       = {},
organization = {},
publisher    = {},
address      = {Bonn, Allemagne},
note         = {}
}

inproceedings DLW11 {{{2
@inproceedings{DLW11,
author       = {Hong-Ning Dai and Dong-Li and Raymond Chi-Wing Wong},
title        = {Exploring Security Improvement of Wireless Networks with Directionnal Antennas},
booktitle    = {Proceedings of the 36th Annual {IEEE} Conference on Local Computer Networks ({LCN}'11)},
year         = 2011,
month        = oct,
editor       = {},
volume       = {},
number       = {},
pages        = {191--194},
series       = {},
organization = {},
publisher    = {},
address      = {Bonn, Allemagne},
note         = {}
}

inproceedings FL11 {{{2
@inproceedings{FL11,
author       = {Said Fouchal and Ivan Lavall{\'e}e},
title        = {Fast and Flexible Unsupervised Clustering Algorithm Based on Ultrametric Properties},
booktitle    = {Proceedings of the 7th {ACM} Symposium on {Q}o{S} and Security for Wireless and Mobile Networks ({Q2SWinet}'11)},
year         = 2011,
month        = nov,
editor       = {},
volume       = {},
number       = {},
pages        = {},
series       = {},
organization = {},
publisher    = {},
address      = {Miami, FL, √âtats-Unis},
note         = {}
}

inproceedings HGSW11 {{{2
@inproceedings{HGSW11,
author       = {Leander B. H{\"o}rmann and Philipp M. Glatz and Christian Steger and Reinhold Weiss},
title        = {Measuring the State-of-Charge ---~Analysis and Impact on Wireless Sensor Networks},
booktitle    = {Proceedings of the 6th International {IEEE} Workshop on Practical Issues in Building Sensor Network Applications ({SenseApp}'11)},
year         = 2011,
month        = oct,
editor       = {},
volume       = {},
number       = {},
pages        = {994--997},
series       = {},
organization = {},
publisher    = {},
address      = {Bonn, Allemagne},
note         = {}
}

inproceedings Lia11 {{{2
@inproceedings{Lia11,
author       = {Yao Liang},
title        = {Efficient Temporal Compression in Wireless Sensor Networks},
booktitle    = {Proceedings of the 36th Annual {IEEE} Conference on Local Computer Networks},
year         = 2011,
month        = oct,
editor       = {},
volume       = {},
number       = {},
pages        = {470--478},
series       = {},
organization = {},
publisher    = {},
address      = {Bonn, Allemagne},
note         = {}
}

inproceedings Mok11 {{{2
@inproceedings{Mok11,
author       = {Lynda Mokdad},
title        = {Evaluation of Lifetime in Wireless Sensor Networks},
booktitle    = {Proceedings of the 7th {IEEE} International Workshop on Performance and Management of Wireless and Mobile Networks ({P2MNET}'11)},
year         = 2011,
month        = oct,
editor       = {},
volume       = {},
number       = {},
pages        = {710--714},
series       = {},
organization = {},
publisher    = {},
address      = {Bonn, Allemagne},
note         = {}
}

inproceedings MNM11 {{{2
@inproceedings{MNM11,
author       = {Sirisha Medidi and Vamsi Nandanavanam and Muralidhar Medidi},
title        = {Reliable Sensor-to-Sink Data Transfer with Duty Cycles for Wireless Sensor Networks},
booktitle    = {Proceedings of the 36th Annual {IEEE} Conference on Local Computer Networks},
year         = 2011,
month        = oct,
editor       = {},
volume       = {},
number       = {},
pages        = {362--369},
series       = {},
organization = {},
publisher    = {},
address      = {Bonn, Allemagne},
note         = {}
}

inproceedings RAFS11 {{{2
@inproceedings{RAFS11,
author       = {Ali Rafiei and Mehran Abolhasan and Daniel Franklin and Farzad Safaei},
title        = {Boundary Node Selection Algorithms in {WSNs}},
booktitle    = {Proceedings of the 36th Annual {IEEE} Conference on Local Computer Networks ({LCN}'11)},
year         = 2011,
month        = oct,
editor       = {},
volume       = {},
number       = {},
pages        = {255--258},
series       = {},
organization = {},
publisher    = {},
address      = {Bonn, Allemagne},
note         = {}
}

inproceedings SEHA11 {{{2
@inproceedings{SEHA11,
author       = {Mohamed Shazly and Ehab S. Elmallah and Janelle Harms and Hosam M. F. AboElFotoh},
title        = {On Area Coverage Reliability of Wireless Sensor Networks},
booktitle    = {Proceedings of the 36th Annual {IEEE} Conference on Local Computer Networks},
year         = 2011,
month        = oct,
editor       = {},
volume       = {},
number       = {},
pages        = {584--592},
series       = {},
organization = {},
publisher    = {},
address      = {Bonn, Allemagne},
note         = {}
}

inproceedings SJ11 {{{2
@inproceedings{SJ11,
author       = {Suraj Sharma and Sanjay Kumar Jena},
title        = {A Survey on Secure Hierarchical Routing Protocols in Wireless Sensor Networks},
booktitle    = {Proceedings of the 2011 International Conference on Communication, Computing and Security ({ICCCS}'11)},
year         = 2011,
month        = feb,
editor       = {},
volume       = {},
number       = {},
pages        = {146--151},
series       = {},
organization = {},
publisher    = {},
address      = {Rourkela, Inde},
note         = {}
}

inproceedings SK11 {{{2
@inproceedings{SK11,
author       = {Seyed Pooya Shariatpanahi and Babak Hossein Khalaj},
title        = {Analysis of Quantization Effects on Performance of Hierarchical Cooperation Schemes in Ad-Hoc Wireless Networks},
booktitle    = {Proceedings of the 36th Annual {IEEE} Conference on Local Computer Networks ({LCN}'11)},
year         = 2011,
month        = oct,
editor       = {},
volume       = {},
number       = {},
pages        = {171--174},
series       = {},
organization = {},
publisher    = {},
address      = {Bonn, Allemagne},
note         = {}
}

inproceedings SMTM11 {{{2
@inproceedings{SMTM11,
author       = {Osman Salem and Ali Makke and Jean Tajer and Ahmed Mehaoua},
title        = {Flooding Attacks Detection in Traffic of Backbone Networks},
booktitle    = {Proceedings of the 36th Annual {IEEE} Conference on Local Computer Networks ({LCN}'11)},
year         = 2011,
month        = oct,
editor       = {},
volume       = {},
number       = {},
pages        = {441--449},
series       = {},
organization = {},
publisher    = {},
address      = {Bonn, Allemagne},
note         = {}
}

inproceedings SOBMCN11 {{{2
@inproceedings{SOBMCN11,
author       = {Simplicio, Jr, Marcos A. and Bruno T. de Oliveira and Paulo S. L. M. Barreto and Cintia B. Margi and Tereza C. M. B. Carvalho and Mats Naslund},
title        = {Comparison of Authenticated-Encryption Schemes in Wireless Sensor Networks},
booktitle    = {Proceedings of the 36th Annual {IEEE} Conference on Local Computer Networks},
year         = 2011,
month        = oct,
editor       = {},
volume       = {},
number       = {},
pages        = {454--461},
series       = {},
organization = {},
publisher    = {},
address      = {Bonn, Allemagne},
note         = {}
}

inproceedings UYHH11 {{{2
@inproceedings{UYHH11,
author       = {I\~nigo Urteaga and Na Yu and Nicholas Hubbell and Qi Han},
title        = {{AWARE}: {{\bf A}}ctivity {A{\bf WARE}} Network Clustering for Wireless Sensor Networks},
booktitle    = {Proceedings of the 36th Annual {IEEE} Conference on Local Computer Networks ({LCN}'11)},
year         = 2011,
month        = oct,
editor       = {},
volume       = {},
number       = {},
pages        = {593--600},
series       = {},
organization = {},
publisher    = {},
address      = {Bonn, Allemagne},
note         = {}
}

inproceedings ZL11 {{{2
@inproceedings{ZL11,
author       = {Wei Zhao and Yao Liang},
title        = {Kernel-Based {M}arkov Random Fields Learning for Wireless Snesor Networks},
booktitle    = {Proceedings of the 36th Annual {IEEE} Conference on Local Computer Networks ({LCN}'11)},
year         = 2011,
month        = oct,
editor       = {},
volume       = {},
number       = {},
pages        = {155--158},
series       = {},
organization = {},
publisher    = {},
address      = {Bonn, Allemagne},
note         = {}
}

inproceedings AAAHN12 {{{2
@inproceedings{AAAHN12,
author       = {Abdelrahman Abuarqoub and Fayez Al-Fayez and Tariq Alsboui and Mohammad Hammoudeh and Andre Nisbet},
title        = {Simulation Issues in Wireless Sensor Networks: A Survey},
booktitle    = {Proceedings of the 6th International Conference on Sensor Technologies and Applications ({SENSORCOMM}'12)},
year         = 2012,
month        = aug,
editor       = {},
volume       = {},
number       = {},
pages        = {222--228},
series       = {},
organization = {},
publisher    = {},
address      = {Rome, Italie},
note         = {}
}

inproceedings BF12 {{{2
@inproceedings{BF12,
author       = {Thibault Bernard and Hac{\`e}ne Fouchal},
title        = {A low Energy Consumption {MAC} Protocol for {WSN}},
booktitle    = {Proceedings of the 2012 {IEEE} {I}nternational {C}onference on {C}ommunications ({ICC}'12)},
year         = 2012,
month        = jun,
editor       = {},
volume       = {},
number       = {},
pages        = {533--537},
series       = {},
organization = {},
publisher    = {},
address      = {Ottawa, ON, Canada},
note         = {}
}

inproceedings CQW12 {{{2
@inproceedings{CQW12,
author       = {Youngho Cho and Gang Qu and Yuanming Wu},
title        = {Insider Threats Against Trust Mechanism with Watchdog and Defending Approaches in Wireless Sensor Networks},
booktitle    = {Proceedings of the 2012 {IEEE} Symposium on {S}ecurity and {P}rivacy {W}orkshops ({SPW}'12))},
year         = 2012,
month        = may,
editor       = {},
volume       = {},
number       = {},
pages        = {134--141},
series       = {},
organization = {},
publisher    = {},
address      = {San Francisco, CA, √âtats-Unis},
note         = {}
}

inproceedings FMMMI12 {{{2
@inproceedings{FMMMI12,
author       = "Said Fouchal and " # qmo # " and Djamel Mansouri and Lynda Mokdad and Malika Ioualalen",
title        = {A new Clustering Algorithm for Wireless Sensor Networks},
booktitle    = {Proceedings of the 17th {IEEE} {S}ymposium on {C}omputers and {C}ommunications ({ISCC}'12)},
year         = 2012,
month        = jul,
editor       = {},
volume       = {},
number       = {},
pages        = {},
series       = {},
organization = {},
publisher    = {},
address      = {Nev≈üehir, Turquie},
note         = {}
}

inproceedings GMT12 {{{2
@inproceedings{GMT12,
author       = {Malek Guechari and Lynda Mokdad and Sovanna Tan},
title        = {Dynamic Solution for Detecting Denial of Service Attacks in Wireless Sensor Networks},
booktitle    = {Proceedings of the 2012 {IEEE} International Conference on Communications ({ICC}'12)},
year         = 2012,
month        = jun,
editor       = {},
volume       = {},
number       = {},
pages        = {},
series       = {},
organization = {},
publisher    = {},
address      = {Ottawa, Canada},
note         = {}
}

inproceedings GK13 {{{2
@inproceedings{GK13,
author       = {Chinnu Mary George and Manoj Kumar},
title        = {Cluster Based Location Privacy in Wireless Sensor Networks Against a Universal Adversary},
booktitle    = {Proceedings of the International Conference on Information Communication and Embedded Systems ({ICICES}'13)},
year         = 2013,
month        = feb,
editor       = {},
volume       = {},
number       = {},
pages        = {288--293},
series       = {},
organization = {},
publisher    = {},
address      = {Chennai, Inde},
note         = {}
}

inproceedings GWZC13 {{{2
@inproceedings{GWZC13,
author       = {Ping Guo and Jin Wang and Jiezhong Zhu and Yaping Cheng},
title        = {Authentication Mechanism on Wireless Sensor Networks: A Survey},
booktitle    = {Proceedings of the 2nd International Conference on Information Technology and Computer Science ({ITCS}'13)},
year         = 2013,
month        = jul,
editor       = {},
volume       = 25,
number       = {},
pages        = {425--431},
series       = {},
organization = {},
publisher    = {},
address      = {Beijing, Chine},
note         = {}
}

inproceedings HYD13 {{{2
@inproceedings{HYD13,
author       = {Jyh-Ming Huang and Shun-Bo Yang and Chan-Ling Dai},
title        = {An Efficient Key Management Scheme for Data-Centric Storage Wireless Sensor Networks},
booktitle    = {Proceedings of the 3rd International Conference on Electronic Engineering and Computer Science ({EECS}'13)},
year         = 2013,
month        = dec,
editor       = {},
volume       = 4,
number       = {},
pages        = {25--31},
series       = {},
organization = {},
publisher    = {},
address      = {Hong Kong, Chine},
note         = {}
}

inproceedings JSM13 {{{2
@inproceedings{JSM13,
author       = {Nafaa Jabeura and Nabil Sahlib and Ijaz Muhammad Khan},
title        = {Survey on Sensor Holes: A Cause-Effect-Solution Perspective},
booktitle    = {Proceedings of the 8th International Symposium on Intelligent Systems Techniques for Ad Hoc and Wireless Sensor Networks ({IST-AWSN}'13)},
year         = 2013,
month        = jun,
editor       = {},
volume       = 19,
number       = {},
pages        = {1074--1080},
series       = {},
organization = {},
publisher    = {},
address      = {Halifax, NS, Canada},
note         = {}
}

inproceedings LPTGWS13{{{2
@inproceedings{LPTGWS13,
author       = {Vincent Liu and Aaron Parks and Vamsi Talla and Shyamnath Gollakota and David Wetherall and Joshua R. Smith},
title        = {Ambient Backscatter: Wireless Communication out of Thin Air},
booktitle    = {Proceedings of the {ACM} {SIGCOMM} 2013 Conference on {SIGCOMM}},
year         = 2013,
month        = aug,
editor       = {},
volume       = {},
number       = {},
pages        = {39--50},
series       = {},
organization = {},
publisher    = {},
address      = {Hong Kong, Chine},
note         = {}
}

inproceedings MMB13 {{{2
@inproceedings{MMB13,
author       = qmo # " and Lynda Mokdad and Jalel Ben-Othman",
title        = {Data Protection in Multipaths {WSN}s},
booktitle    = {Proceedings of the 18th {IEEE} {S}ymposium on {C}omputers and {C}ommunications ({ISCC}'13)},
year         = 2013,
month        = jul,
editor       = {},
volume       = {},
number       = {},
pages        = {},
series       = {},
organization = {},
publisher    = {},
address      = {Split, Croatie},
note         = {}
}

inproceedings SWKSG13 {{{2
@inproceedings{SWKSG13,
author       = {Roshan Singh Sachan and Mohammad Wazid and Avita Katal and D. P. Singh and R. H. Goudar},
title        = {A Cluster Based Intrusion Detection and Prevention Technique for Misdirection Attack Inside {WSN}},
booktitle    = {Proceedings of the International Conference on Communication and Signal Processing ({ICCSP}'13)},
year         = 2013,
month        = apr,
editor       = {},
volume       = {},
number       = {},
pages        = {795--801},
series       = {},
organization = {},
publisher    = {},
address      = {Melmaruvathur, Inde},
note         = {}
}

inproceedings MMB14 {{{2
@inproceedings{MMB14,
author       = qmo # " and Lynda Mokdad and Jalel Ben-Othman",
title        = {Energy-Balancing Method to Detect Denial of Service Attacks in Wireless Sensor Networks},
booktitle    = {Proceedings of the {IEEE} International {C}onference on {C}ommunications ({ICC}'14)},
year         = 2014,
month        = jun,
editor       = {},
volume       = {},
number       = {},
pages        = {},
series       = {},
organization = {},
publisher    = {},
address      = {Sydney, NSW, Australie},
note         = {}
}

mastersthesis {{{1

mastersthesis Dha06 {{{2
@mastersthesis{Dha06,
author  = {Vaibhav Dhakad},
title   = {Physical Attack Detection in Sensor Networks},
school  = {Indian Institute of Technology},
year    = 2006,
month   = {},
type    = {},
address = {Delhi, Inde},
note    = {}
}

misc {{{1

misc aes, {{{2
@misc{aes,
author  = {{National Institute of Standards and Technology (NIST)}},
title   = {{Federal Information Processing Standards Publication (FIPS) 197: Advanced Encryption Standard (AES)}},
year    = 2001,
month   = nov
}

misc aodv, {{{2
@misc{aodv,
author  = {{Internet Engineering Task Force (IETF)}},
title   = {{RFC 3561: Ad Hoc On-Demand Distance Vector (AODV) Routing}},
year    = 2003,
month   = jul,
note    = {Statut exp√©rimental}
}

misc dsr, {{{2
@misc{dsr,
author  = {{Internet Engineering Task Force (IETF)}},
title   = {{RFC 4728: The Dynamic Source Routing Protocol (DSR) for Mobile Ad Hoc Networks for IPv4}},
year    = 2007,
month   = feb,
note    = {Statut exp√©rimental}
}

misc olsr, {{{2
@misc{olsr,
author  = {{Internet Engineering Task Force (IETF)}},
title   = {{RFC 3626: Optimized Link State Routing Protocol (OLSR)}},
year    = 2003,
month   = oct,
note    = {Statut exp√©rimental}
}

misc wikiFrPilesEn {{{2
@misc{wikiFrPilesEn,
title  = {Format des piles et accumulateurs {\'e}lectriques},
author = {{Wikipedia (French version)}},
url    = {https://fr.wikipedia.org/wiki/Format_des_piles_et_accumulateurs_\%C3\%A9lectriques},
note   = {Page visited on November~4th,~2012}
}

misc wikiFrPilesFr {{{2
@misc{wikiFrPilesFr,
title  = {Format des piles et accumulateurs {\'e}lectriques},
author = {{Wikip√©dia (version fran√ßaise)}},
url    = {https://fr.wikipedia.org/wiki/Format_des_piles_et_accumulateurs_\%C3\%A9lectriques},
note   = {Page consult√©e le 4~novembre~2012}
}

misc ns2 {{{2
@misc{ns2,
title = {The Network Simulator -- ns-2},
url   = {https://ant.isi.edu/nsnam/index.php},
note  = {}
}

misc ns3 {{{2
@misc{ns3,
title = {The Network Simulator -- ns-3},
url   = {https://www.nsnam.org},
note  = {}
}

misc ieee802.11 {{{2
@misc{ieee802.11,
title  = {{IEEE} {S}tandard 802.11\textsuperscript{TM} (r√©vision de 2012) {P}art 11: {W}ireless {LAN} {M}edium {A}ccess {C}ontrol ({MAC}) and {P}hysical {L}ayer ({PHY}) {S}pecifications},
note   = {{IEEE} {S}tandard for {I}nformation technology, {T}elecommunications and information exchange between systems, {L}ocal and metropolitan area networks}
}

misc ieee802.15.4 {{{2
@misc{ieee802.15.4,
title  = {{IEEE} {S}tandard 802.15.4\textsuperscript{TM} (2003) {P}art 15.4: {W}ireless {M}edium {A}ccess {C}ontrol ({MAC}) and {P}hysical {L}ayer ({PHY}) {S}pecifications for {L}ow-{R}ate {W}ireless {P}ersonal {A}rea {N}etworks ({LR-WPANs})},
note   = {{IEEE} {S}tandard for {I}nformation technology, {IEEE-SA} {S}tandards {B}oard}
}

misc sti {{{2
@misc{sti,
title  = {Les transports intelligents},
author = {{CEREMA -- Centre d'√©tudes et d'expertise sur les risques, l'environnement, la mobilit√© et l'am√©nagement}},
url    = {http://www.transport-intelligent.net/technologies/capteurs-77/},
note   = {Page consult√©e le 14 f√©vrier 2015}
}

misc stuxnet{{{2
@misc{stuxnet,
author  = {Nicolas Falliere and Liam O. Murchu and Eric Chien},
title   = {{W32.Stuxnet} Dossier},
year    = 2011,
month   = feb,
note    = {Symantec}
}

misc tcpsec, {{{2
@misc{tcpsec,
author  = {{Internet Engineering Task Force (IETF)}},
title   = {{Internet-Draft: Survey of Security Hardening Methods for Transmission Control Protocol (TCP) Implementations}},
year    = 2012,
month   = mar,
note    = {Brouillon expir√© en septembre 2012}
}

misc tinyos {{{2
@misc{tinyos,
title = {TinyOS},
url   = {http://www.tinyos.net/},
note  = {}
}

misc uppaal, {{{2
@misc{uppaal,
title = {\textsc{Uppaal}},
url   = {http://www.uppaal.org/},
note  = {}
}

misc zigbee {{{2
@misc{zigbee,
author  = {{ZigBee Alliance}},
title   = {{ZigBee} Specification},
year    = 2008
}

phdthesis {{{1

phdthesis Hei00 {{{2
@phdthesis{Hei00,
author  = {Wendi Beth Heinzelman},
title   = {Application-Specic Protocol Architectures for Wireless Networks},
school  = {Massachusetts Institute of Technology},
year    = 2000,
month   = jun,
type    = {{PhD} thesis},
address = {Cambridge, MA, √âtats-Unis},
note    = {}
}

phdthesis Bai08 {{{2
@phdthesis{Bai08,
author  = {Zubair A. Baig},
title   = {Distributed Denial of Service Attack Detection in Wireless Sensor Networks},
school  = {Monash University},
year    = 2008,
month   = jan,
type    = {{PhD} thesis},
address = {Melbourne, Victoria, Australie},
note    = {}
}

phdthesis Bre12 {{{2
@phdthesis{Bre12,
author  = {Romain Brenguier},
title   = {{N}ash Equilibria in Concurrent Games ---~Application to Timed Games},
school  = {{\'E}cole {N}ormale {S}up√©rieure de {C}achan},
year    = 2012,
month   = {},
type    = {{PhD} thesis},
address = {Cachan, France},
note    = {}
}

phdthesis Ham12 {{{2
@phdthesis{Ham12,
author  = {Ali Hamieh},
title   = {La s√©curit√© dans les r√©seaux sans fil Ad Hoc: les attaques jamming et les n{\oe}uds greedy},
school  = {University of Versailles},
year    = 2012,
month   = {},
type    = {{PhD} thesis},
address = {Versailles, France},
note    = {}
}

techreport {{{1

techreport DG05 {{{2
@techreport{DG05,
author      = {Abhijit Deodhar and Ritesh Gujarathi},
title       = {A Cluster Based Intrusion Detection System for Mobile Ad Hoc Networks},
institution = {Virginia Polytechnic Institute and State University, √âtats-Unis},
year        = 2005,
type        = {Technical report},
number      = {},
address     = {},
month       = {},
note        = {}
}

techreport Son05 {{{2
@techreport{Son05,
author      = {Dezhen Song},
title       = {Probabilistic Modeling of {LEACH} Protocol and Computing Sensor Energy Consumption Rate in Sensor Networks},
institution = {CS Department, Texas A\&M University, √âtats-Unis},
year        = 2005,
type        = {Technical report},
number      = {},
address     = {},
month       = feb,
note        = {}
}

techreport Reh09 {{{2
@techreport{Reh09,
author      = {Jinat Rehana},
title       = {Security of Wireless Sensor Network},
institution = {Helsinki University of Technology},
year        = 2009,
type        = {Technical report},
number      = {},
address     = {},
month       = {},
note        = {}
}
