% vim: set foldmethod=marker foldlevel=1:

book {{{1

book{minsky67 {{{2
@book{minsky67,
address   = {Upper Saddle River, NJ, États-Unis},
author    = {Minsky, Marvin L.},
publisher = {Prentice-Hall, Inc.},
title     = {Computation: Finite and Infinite Machines},
year      = 1967
}

book{papadimitriou94 {{{2
@book{papadimitriou94,
title     = {Computational Complexity},
author    = {Christos H. Papadimitriou},
publisher = {Addison-Wesley},
year      = 1994
}

book{lncs02 {{{2
@book{lncs02,
editor    = {Gr\"adel, Erich and Thomas, Wolfgang and Wilke, Thomas},
month     = oct,
number    = 2500,
publisher = {Springer},
series    = {Lecture Notes in Computer Science},
title     = {Automata, Logics, and Infinite Games},
year      = 2002
}

article {{{1

article{velner12a {{{2
@article{velner12a,
author    = {Yaron Velner and Krishnendu Chatterjee and Laurent Doyen and Thomas A. Henzinger and Alexander Rabinovich and Jean-Fran\c{c}ois Raskin},
title     = {The complexity of Multi-Mean-Payoff and Multi-Energy Games},
journal   = {CoRR},
volume    = {abs/1209.3234},
year      = 2012,
}

article{zwick96 {{{2
@article{zwick96,
author  = {Uri Zwick and Mike Paterson},
title   = {The Complexity of Mean Payoff Games on Graphs},
journal = {Theoretical Computer Science},
volume  = {158},
number  = {1--2},
year    = 1996,
pages   = {343--359}
}

inproceeding {{{1

inproceedings{chatterjee05 {{{2
@inproceedings{chatterjee05,
author    = {Krishnendu Chatterjee and Tom Henzinger and Marcin Jurdzi{\'n}ski},
title     = {Mean-Payoff Parity Games},
booktitle = {Proceedings of the 20th International Symposium on {L}ogic {I}n {C}omputer {S}cience ({LICS}'05)},
month     = jun,
year      = 2005
}

inproceedings{chaterjee10 {{{2
@inproceedings{chaterjee10,
author    = {Krishnendu Chatterjee and Laurent Doyen and Thomas A. Henzinger and Jean-François Raskin},
title     = {Generalized Mean-Payoff and Energy Games},
year      = 2010,
pages     = {505--516},
editor    = {Kamal Lodaya and Meena Mahajan},
booktitle = {Proceedings of the {IARCS} annual conference on {F}oundations of {S}oftware {T}echnology and {T}heoretical {C}omputer {S}cience ({FSTTCS}'10)},
publisher = {Schloss Dagstuhl -- Leibniz-Zentrum fuer Informatik},
series    = {LIPIcs},
volume    = 8
}

inproceedings{chatterjee12 {{{2
@inproceedings{chatterjee12,
author    = {Krishnendu Chatterjee and Mickael Randour and Jean-Fran\c{c}ois Raskin},
title     = {Strategy Synthesis for Multi-Dimensional Quantitative Objectives},
pages     = {115--131},
editor    = {Maciej Koutny and Irek Ulidowski},
booktitle = {Proceedings of the 23rd International Conference on Concurrency Theory ({CONCUR}'12)},
publisher = {Springer},
series    = {Lecture Notes in Computer Science},
volume    = 7454,
year      = 2012,
month     = sep
}

inproceedings{velner12b {{{2
@inproceedings{velner12b,
author    = {Yaron Velner},
title     = {The Complexity of Mean-Payoff Automaton Expression},
year      = 2012,
month     = jul,
pages     = {390--402},
editor    = {Artur Czumaj and Kurt Mehlhorn and Andrew M. Pitts and Roger Wattenhofer},
booktitle = {Proceedings of the 39th {I}nternational {C}olloquium on {A}utomata, {L}anguages, and {P}rogramming ({ICALP}'12, Part II)},
publisher = {Springer},
series    = {Lecture Notes in Computer Science},
volume    = 7392
}
